5560 7516
435 1059 472 1136 ld
491 1067 553 1136 22.
1187 1061 1375 1134 nussum
2128 1062 2175 1132 59

384 1277 541 1368 legimus,
570 1277 725 1348 ordinem
752 1275 1019 1366 geographicum
1038 1296 1080 1346 ex
1097 1280 1197 1364 parte
1224 1267 1381 1346 secutum
1409 1293 1483 1344 esse
1510 1272 1690 1362 lapicidam
1720 1278 1875 1364 apparet,
1904 1293 2028 1364 nempe
2045 1277 2086 1344 ut
2102 1275 2181 1364 post

385 1399 612 1492 Olbiopolitas
639 1401 789 1491 primum
818 1400 979 1472 civitates
1006 1400 1208 1473 remotiores
1226 1401 1262 1470 in
1281 1397 1500 1488 Propontidis
1518 1397 1731 1488 Bosporique
1750 1397 1890 1469 Thracii
1914 1396 2073 1469 litoribus
2091 1403 2126 1470 et
2145 1398 2180 1470 in

385 1549 448 1601 ora
465 1527 679 1599 meridionali
698 1525 802 1598 Ponti
820 1526 949 1598 Euxini
967 1527 1050 1598 sitas
1068 1524 1264 1613 nominarit,
1285 1528 1358 1594 tum
1377 1522 1534 1594 civitates
1553 1541 1634 1592 orae
1653 1521 1760 1594 Ponti
1779 1509 2014 1613 occidentalis,
2035 1521 2181 1612 denique

387 1652 592 1726 Chersonesi
611 1649 791 1723 Tauricae.
813 1651 878 1723 Hic
896 1657 1010 1724 manen
1030 1651 1114 1723 ordo
1132 1651 1168 1719 in
1189 1647 1490 1737 columnisqninta
1508 1651 1660 1719 etsexta
1678 1646 1837 1718 turbatus
1856 1651 1920 1740 est,
1939 1645 2086 1721 fortasse
2103 1646 2181 1721 ideo

385 1778 476 1867 quod
496 1776 685 1848 civitatium
704 1775 752 1846 ibi
771 1777 979 1866 scriptarum
1000 1776 1142 1848 decreta
1160 1773 1270 1844 serius
1290 1776 1390 1843 erant
1409 1768 1523 1842 allata.

489 1900 543 1971 De
562 1901 698 1972 duobus
717 1900 907 1971 eivitatium
926 1898 1120 1972 nominibus
1138 1896 1242 1988 paulo
1260 1895 1428 1987 prolixius
1445 1895 1689 1986 disputandum
1709 1892 1856 1968 videtur.
1878 1895 2071 1969 Koehlerus
2090 1897 2181 1968 enim

384 2027 420 2096 in
452 2025 609 2096 omnibus
642 2024 988 2097 commentationibus
1017 2029 1052 2096 et
1081 2020 1431 2094 animadversionibus
1464 2039 1548 2108 quas
1575 2019 1617 2089 de
1644 2019 1711 2090 boc
1744 2019 1844 2090 titulo
1876 2019 2027 2112 scripsit,
2060 2018 2183 2092 ultimo

384 2149 561 2222 columnae
582 2153 601 2219 2
623 2149 694 2220 loco
714 2149 1005 2222 ΑΜΑΕΕΙΑΗΟΙ
1027 2153 1063 2220 et
1084 2149 1262 2219 columnae
1284 2147 1304 2215 3
1325 2144 1400 2217 loco
1418 2145 1529 2235 primo
1543 2142 1693 2217 ΠΑΗΟΙ
1710 2144 1746 2214 in
1764 2143 1876 2234 lapide
1896 2165 1970 2217 esse
1986 2142 2182 2234 affirmavit,

385 2279 491 2365 utque
510 2273 697 2345 lectoribus
715 2275 752 2345 id
769 2272 905 2347 facilius
923 2272 1162 2364 persuaderet,
1178 2271 1368 2343 civitatium
1388 2268 1582 2359 catalogum
1600 2268 1729 2339 litteris
1747 2268 1935 2340 maioribus
1951 2290 2053 2358 quam
2071 2269 2184 2360 ipsum

285 2401 287 2406 ’
384 2400 562 2471 decretum
581 2402 759 2468 exaratum
778 2396 1045 2488 facillimumque
1063 2416 1141 2467 esse
1161 2395 1254 2466 lectu
1272 2393 1358 2465 falso
1377 2394 1464 2464 dixit
1482 2392 1560 2464 adv.
1578 2391 1685 2464 Roch.
1702 2414 1735 2481 p.
1752 2394 1823 2465 118
1835 2413 1885 2483 sq.
1905 2393 2007 2466 Illam
2017 2393 2182 2466 Koehleri

385 2523 568 2595 lectionem
587 2501 807 2612 Koeppenius
836 2543 970 2612 quoque
1001 2525 1150 2592 testatus
1183 2527 1249 2612 est,
1282 2521 1325 2591 de
1357 2520 1421 2589 hac
1448 2539 1531 2590 vero
1564 2517 1647 2587 nihil
1679 2517 1858 2589 adnotavit
1885 2518 1951 2588 nisi
1976 2518 2184 2590 Rochettum

385 2647 548 2722 ΤΙΑΗΟΙ
569 2647 751 2737 legendum
769 2647 1000 2737 proposuisse,
1021 2667 1123 2735 quam
1142 2645 1320 2716 lectionem
1341 2643 1535 2714 Arnetbum
1555 2661 1691 2732 quoque
1710 2641 1902 2731 adoptasse;
1922 2641 1998 2732 ipse
2016 2647 2130 2713 tamen
2148 2641 2185 2712 in

386 2777 484 2844 textu
503 2771 714 2843 Koehlernm
733 2778 872 2842 secutus
891 2776 954 2842 est.
983 2771 1178 2842 Boeckbius
1198 2790 1275 2842 cum
1294 2775 1477 2859 utramque
1495 2767 1662 2838 Koehleri
1680 2766 1862 2838 lectionem
1882 2767 2078 2857 recepisset,
2102 2786 2184 2856 pro·

385 2896 491 2984 bavit,
512 2896 603 2986 quod
621 2896 712 2967 idem
731 2895 921 2987 proposuit,
941 2895 1011 2967 illie
1025 2895 1186 2967 Amasiae
1206 2893 1456 2984 intellegendos
1475 2911 1548 2964 esse
1568 2891 1671 2981 cives,
1692 2892 1748 2964 hio
1758 2890 1869 2980 Penii,
1881 2890 2050 2962 Thraciae
2068 2889 2184 2981 oppidi

386 3020 430 3092 ad
449 3019 696 3110 Propontidem
715 3021 806 3090 inter
824 3018 1025 3091 Heracleam
1046 3026 1081 3090 et
1101 3018 1328 3108 Selymbriam
1347 3019 1416 3090 siti.
1437 3019 1486 3088 At
1505 3015 1696 3088 Koehlerus
1714 3017 1786 3106 ipse
1805 3013 1893 3085 dixit
1911 3013 2072 3086 Amasiae
2091 3017 2184 3088 cives
2261 3078 2264 3082 .

385 3141 537 3241 Ἀμασεῖς
570 3147 641 3216 sive
670 3141 866 3242 Ἀμασείτας
895 3166 921 3216 s,
950 3140 1175 3241 Ἀμασεὼτας,
1210 3165 1277 3217 non
1305 3139 1544 3241 Ἀμασσιανοὺς
1571 3148 1710 3214 vocatos
1739 3164 1825 3235 esse,
1853 3143 1954 3216 Penii
1982 3161 2064 3214 vero
2093 3145 2185 3215 cives

387 3271 532 3351 Πανίους
558 3269 645 3362 [sive
673 3268 850 3362 Πανίτας],
880 3288 992 3358 neque
1020 3270 1207 3359 quidquam
1234 3269 1357 3339 babuit
1386 3274 1424 3340 ut
1450 3266 1579 3340 formas
1605 3268 1778 3340 inauditas
1804 3267 1982 3359 probaret,
2010 3268 2076 3338 nisi
2094 3268 2186 3358 quod

389 3393 474 3466 dicit
492 3394 549 3464 «in
568 3392 631 3464 der
648 3391 874 3482 Bildungsart
892 3394 953 3464 der
962 3393 1095 3487 Worte,
1116 3394 1173 3465 die
1193 3393 1257 3464 den
1275 3393 1409 3484 Biirger
1429 3394 1524 3464 einer
1532 3392 1632 3464 Stadt
1650 3394 1825 3486 anzeigen,
1846 3391 2027 3464 herrsehte
2044 3391 2100 3464 bei
2119 3391 2185 3463 den

370 3517 492 3620 ¹Alten
512 3519 588 3589 eine
607 3537 645 3588 so
663 3537 783 3607 grosse
801 3517 1109 3610 Wlllkurlicbkeit,
1138 3519 1217 3590 dass
1236 3539 1302 3589 von
1329 3519 1425 3588 einer
1452 3517 1551 3589 Stadt
1577 3518 1741 3589 zuvveilen
1770 3517 1866 3606 zuei,
1895 3516 1969 3587 drei
1992 3517 2062 3588 und
2086 3517 2184 3587 mehr

387 3644 643 3733 Bencnnungen
667 3641 782 3714 dblich
802 3664 937 3714 warena
957 3643 1092 3734 (Serap.
1113 3664 1145 3714 v.
1166 3643 1183 3712 I
1202 3663 1236 3731 p.
1258 3643 1331 3733 46).
1361 3643 1548 3714 Praeterea
1566 3643 1756 3747 Rochettns
1784 3647 1906 3714 contra
1924 3639 2091 3712 Koehleri
2111 3641 2184 3731 opi·

386 3768 521 3839 aionem
549 3767 635 3838 haee
653 3769 829 3839 verissime
849 3768 1046 3840 observavit
1063 3789 1096 3857 p.
1121 3771 1207 3839 163:
1238 3766 1313 3838 «La
1332 3767 1497 3838 situation
1517 3766 1770 3838 mediterranea
1789 3763 1974 3843 d’Aaausc'o
1991 3786 2034 3837 ne
2053 3772 2186 3855 permet

388 3890 507 3982 gnere,
535 3891 557 3962 a
580 3911 618 3962 ce
638 3891 723 3980 qu’il
743 3911 796 3962 me
815 3891 954 3985 semble,
984 3894 1027 3964 de
1046 3892 1080 3963 la
1098 3892 1317 3964 reconnaitre
1337 3892 1420 3964 dans
1438 3913 1505 3962 une
1523 3891 1668 3962 reunion
1686 3891 1729 3962 de
1748 3890 1846 3962 villas
1865 3895 1979 3962 tontes
1997 3891 2187 3963 maritimas
2215 3895 2219 3904 '

390 4022 426 4086 et
444 4021 726 4106 commercantes,
746 4021 782 4086 et
797 4015 972 4088 d’ailleurs
990 4016 1075 4087 liees
1096 4022 1194 4087 entre
1212 4016 1296 4087 elles
1313 4036 1379 4106 par
1393 4017 1442 4088 las
1460 4022 1619 4106 rapports
1638 4015 1741 4088 d’une
1760 4017 1953 4088 extraction
1973 4036 2186 4105 communem

389 4161 491 4229 quam
510 4141 553 4215 ob
573 4159 711 4212 causam
729 4136 958 4238 Ἀμαστριανοί
986 4141 1168 4232 legendum
1197 4141 1352 4212 coniecit.
1382 4139 1540 4232 Denique
1567 4141 1761 4212 addendum
1787 4142 1822 4211 in
1845 4127 2038 4231 fragmento
2066 4142 2189 4214 similis

389 4266 584 4354 argumenti
597 4287 707 4354 nuper
721 4271 859 4354 reperto
873 4265 985 4353 (nobis
1001 4267 1064 4357 23)
1082 4266 1166 4336 item
1185 4268 1397 4339 ΑΜΑΣΤΡΙ
1418 4268 1488 4356 legi
1507 4267 1651 4357 ideoque
1662 4267 1891 4358 Jurgeviczio‚
1913 4289 1990 4340 cum
2009 4268 2074 4337 hoc
2093 4265 2187 4358 frag-

390 4395 541 4460 mentum
561 4390 692 4480 ederet,
720 4391 865 4461 maxime
892 4390 1071 4480 probabile
1090 4411 1164 4462 esse
1182 4392 1294 4462 visum
1314 4390 1524 4463 Koehlernm
1544 4399 1579 4463 et
1598 4391 1836 4483 Koeppenium
1856 4414 1876 4464 a
1895 4413 1975 4463 vero
1995 4391 2184 4464 aberrasse.
2221 4407 2224 4416 ·

390 4511 486 4602 Quae
506 4515 618 4586 omnia
636 4515 828 4586 rectissime
847 4515 1187 4588 contraKoehlerum
1204 4516 1296 4588 diota
1314 4537 1387 4588 esse
1407 4517 1579 4608 apparuit,
1601 4539 1677 4588 cum
1693 4518 1840 4610 lapidem
1856 4519 1929 4607 ipse
1944 4517 2186 4589 exscriberem:

390 4638 594 4728 estquidam
613 4640 734 4710 ultima
749 4638 925 4710 columnae
943 4643 963 4710 2
980 4660 1045 4710 vox
1064 4640 1100 4709 in
1119 4640 1231 4730 lapide
1251 4640 1428 4729 paululum
1447 4639 1554 4728 laesa,
1574 4643 1633 4713 sed
1653 4641 1787 4712 litteras
1801 4642 1944 4712 detiitas
1956 4641 2065 4712 multo
2079 4641 2188 4732 magis

391 4762 485 4836 [ΤΡ
505 4761 609 4834 luisse
638 4783 739 4852 quam
761 4766 823 4834 [t
842 4763 1060 4836 manifestum
1088 4771 1151 4836 est.
1179 4763 1247 4835 Pro
1265 4764 1428 4839 ΤΙΑΗΟΙ
1461 4771 1576 4836 autem
1604 4764 1681 4835 iden
1701 4763 1851 4837 ΠΑΗΟΙ
1877 4763 1963 4854 legit
1981 4763 2186 4856 Koehlerus,

389 4887 479 4979 quod
499 4888 637 4959 litterae
652 4889 688 4960 Τ
706 4889 833 4960 lineola
851 4890 1006 4980 superior
1026 4889 1193 4981 usquead
1215 4894 1224 4961 l
1247 4890 1400 4962 litteram
1418 4891 1573 4979 proxime
1592 4886 2018 4979 insequentem'produeta
2037 4893 2106 4975 est;
2127 4888 2187 4958 sed

390 5011 432 5084 ad
450 5013 624 5084 sinistram
643 5033 778 5105 quoque
797 5021 866 5086 tam
886 5013 987 5104 longe
1004 5013 1160 5105 procedit
1188 5021 1326 5105 tamque
1354 5014 1441 5086 bene
1459 5019 1596 5086 servata
1616 5020 1681 5105 est,
1710 5020 1750 5086 ut
1768 5013 1910 5086 dubium
1930 5015 2073 5106 nonsit,
2105 5013 2187 5103 quin

388 5139 453 5229 Tl,
473 5159 540 5209 non
558 5140 598 5210 Π
616 5139 811 5210 exaraverit
829 5139 987 5229 lapicida.

496 5261 596 5350 Quod
614 5263 809 5334 Boeclrhius
836 5263 1033 5334 observavit
1059 5267 1139 5353 post
1166 5263 1387 5354 participium
1415 5265 1483 5333 irtel
1502 5257 1655 5352 Θεοκλῆς
1674 5257 1758 5357 ἀνὴρ
1787 5258 1965 5358 γενόμενος
1985 5267 2050 5332 etc.
2081 5282 2113 5331 v.
2138 5263 2184 5332 12

389 5387 479 5458 haud
511 5389 606 5458 reete
637 5385 759 5459 inferri
791 5390 846 5457 καλ
877 5385 1107 5481 ἠκολούθησεν
1137 5393 1154 5457 ὁ
1182 5383 1276 5485 ἀνὴρ,
1312 5390 1372 5466 ubi
1399 5392 1454 5459 aul
1482 5387 1703 5476 redundaret,
1734 5385 2037 5458 transcribentium
2070 5405 2188 5457 errore

389 5511 553 5600 deceptus
572 5517 639 5583 est:
668 5513 704 5582 in
723 5512 835 5603 lapide
864 5515 952 5583 enim
974 5509 1271 5600 κατηκολούθησεν
1303 5493 1513 5605 legitur,ut
1539 5512 1607 5582 iam
1635 5513 1889 5582 enuntiatorum
1918 5517 2093 5583 structura
2120 5531 2185 5581 non

388 5637 522 5710 laboret
541 5658 647 5727 usque
666 5637 707 5710 ad
724 5657 757 5710 v.
782 5641 842 5729 34,
863 5637 906 5709 ad
925 5659 1027 5729 quem
1045 5637 1129 5710 haec
1148 5639 1323 5713 verissime
1343 5639 1475 5710 monuit
1493 5634 1704 5708 Boockhius:
1726 5657 1793 5723 ovs.
1816 5639 1865 5707 34
1885 5658 1906 5707 a
1923 5637 2029 5710 verbo
2048 5629 2187 5720 ἀξιῶσαι

389 5761 538 5834 debebat
566 5762 723 5850 apodosis
750 5763 903 5852 incipere
926 5763 1133 5852 respondens
1160 5763 1212 5834 illi
1239 5765 1307 5834 ἐπεὶ
1327 5761 1479 5856 Θεοκλῆς
1499 5766 1565 5833 etc.
1586 5765 1622 5831 at
1640 5759 1793 5849 pendens
1811 5781 1854 5832 ex
1872 5756 1982 5832 εἶπανι
2012 5762 2072 5832 sed
2099 5761 2186 5832 miro

389 5887 593 5960 anacolutho
622 5888 789 5979 scriptum
814 5895 867 5960 ast
890 5883 1026 5972 ἁξιῶσαί
1045 5912 1081 5959 τε
1100 5888 1251 5978 pendens
1270 5910 1311 5959 ex
1330 5909 1531 5980 praegresso
1551 5887 1648 5976 dors,
1679 5885 1729 5956 ita
1752 5889 1788 5956 ut
1817 5887 1996 5976 potissima
2022 5885 2188 5958 orationis

389 6034 469 6103 pars
487 6013 649 6086 adiuncta
676 6014 722 6084 sit
748 6015 939 6086 sententiae
959 6035 1100 6104 prorsus
1118 6013 1371 6086 subordinatas.
1402 6015 1529 6103 Quodsi
1550 6009 1685 6101 quando
1704 6011 1808 6083 etiam
1827 6014 1863 6083 in
1882 6012 2021 6103 optimis
2040 6011 2188 6083 decretis

1940 6131 1974 6184 8*
