5560 7516
616 1077 652 1130 Vl

616 1291 769 1381 separari
784 1312 850 1363 non
866 1311 966 1381 posse
981 1289 1173 1382 videantur,
1194 1290 1302 1363 veluti
1320 1289 1456 1362 nomina
1474 1289 1594 1380 figuris
1612 1293 1749 1381 appicta
1768 1295 1834 1364 etc.
1855 1288 1981 1362 Totum
2000 1311 2086 1380 opus
2104 1291 2139 1362 in
2158 1293 2226 1364 tria
2242 1290 2412 1365 uolumina

615 1416 761 1487 divisum
781 1424 844 1507 est,
864 1437 1008 1506 quorum
1027 1411 1176 1506 primurn
1195 1431 1285 1487 nunc
1304 1415 1339 1486 in
1357 1413 1532 1504 publicum
1547 1416 1733 1502 emittitur,
1753 1414 1903 1487 alterum
1917 1415 2156 1506 inscriptiones
2171 1417 2411 1508 regnissospo-

615 1541 689 1611 rani
705 1539 905 1631 continebit,
922 1541 1062 1612 tertium
1077 1561 1195 1612 omnes
1209 1541 1458 1630 inscriptiones,
1474 1560 1697 1629 quaecunque
1716 1541 1750 1610 in
1766 1541 1862 1611 varia
1874 1541 2100 1630 supellectile,
2120 1547 2223 1632 atque
2241 1542 2412 1631 inprimis

614 1665 647 1735 in
667 1664 837 1736 dictarum
856 1664 949 1736 ansis
967 1664 1141 1756 leguntur.
1159 1664 1202 1735 'ln
1222 1665 1367 1754 singulis
1385 1665 1495 1736 titulis
1512 1665 1701 1736 tractandis
1719 1664 1755 1735 id
1774 1665 1943 1756 agendum
1963 1686 2037 1736 esse
2056 1667 2147 1738 inter
2161 1687 2222 1756 nos
2237 1667 2407 1758 convenit,

526 1782 536 1798 “
615 1799 653 1859 ut
669 1791 819 1861 omnium
834 1790 983 1878 primum
1000 1790 1142 1881 lapidee,
1159 1789 1215 1878 qui
1231 1789 1342 1860 adhuc
1357 1795 1506 1880 exstant,
1522 1809 1620 1880 quam
1636 1789 1893 1862 accuratissime
1909 1789 2140 1862 exscriberem
2155 1792 2412 1882 exscriptosque

570 1905 571 1908 ’
613 1913 705 2004 typis
729 1934 830 2005 quam
854 1914 1071 1987 exactissime
1094 1913 1311 1986 excudendus
1334 1933 1492 1984 curarem
1516 1914 1621 2006 (quod
1645 1922 1683 1984 ut
1706 1913 1782 1984 fieri
1804 1921 1935 2004 posset,
1960 1915 2166 1987 Academiae
2189 1917 2410 1989 scientiarum

572 2055 577 2063 ·
613 2036 748 2110 officina
765 2059 871 2109 novas
890 2039 1086 2110 litterarum
1101 2038 1230 2110 formas
1248 2044 1302 2108 sat
1315 2038 1440 2108 multas
1455 2039 1588 2140 curavit
1601 2035 1815 2129 fundendas),
1835 2039 2011 2111 mutilatus
2025 2047 2189 2129 quantum
2205 2039 2282 2112 deri
2295 2046 2412 2134 posset

613 2163 843 2252 restituerem,
869 2164 1149 2234 commentarium
1175 2161 1337 2233 adderem
1359 2161 1596 2232 brevissimum
1620 2182 1728 2253 eaque
1747 2162 1820 2234 sola
1839 2164 2082 2254 continentem,
2112 2139 2200 2253 quae
2221 2165 2266 2237 ad
2290 2186 2411 2236 unum-

612 2306 781 2378 quemque
795 2288 934 2358 titulum
950 2286 1188 2377 explicandum
1205 2306 1305 2377 quam
1321 2288 1467 2358 maxime
1481 2293 1595 2360 essent
1609 2289 1818 2376 necessaria3
1833 2288 2052 2359 simulvisum
2069 2296 2123 2360 est
2138 2289 2187 2360 eis
2201 2289 2413 2361 nostratibus

596 2433 686 2484 'esse
706 2413 988 2502 subveniendum,
1008 2412 1067 2501 qui
1087 2411 1265 2483 titulorum
1285 2412 1451 2484 sermonis
1469 2413 1582 2482 minus
1601 2418 1716 2484 essent
1733 2413 1852 2501 periti:
1879 2433 2023 2501 quorum
2043 2415 2155 2504 gratia
2172 2415 2411 2504 gravissimum

614 2558 783 2628 quemque
802 2538 943 2608 titolum
962 2539 996 2607 in
1016 2537 1238 2609 vernaculum
1258 2556 1448 2608 sermonem
1468 2542 1627 2608 accurate
1647 2557 1722 2608 esse
1741 2538 1955 2609 vertendum.
2215 2589 2223 2622 ,

719 2662 782 2733 His
805 2663 855 2733 ita
878 2663 1072 2734 constitutis
1091 2663 1134 2734 ad
1152 2683 1237 2754 opos
1261 2682 1338 2732 cum
1362 2662 1591 2751 accessissem,
1620 2663 1769 2750 primum
1797 2662 1931 2753 lapides
1949 2664 2009 2753 qui
2029 2641 2203 2752 Petropoli
2225 2663 2259 2733 in
2285 2664 2411 2734 muscis

537 2797 541 2811 '
613 2795 794 2858 servantur
813 2787 992 2878 exscripsi.
1021 2786 1107 2859 Tum
1129 2776 1193 2858 viri
1213 2785 1489 2859 excellentissimi
1509 2787 1646 2858 loannis
1665 2787 1806 2858 Davidis
1824 2785 1848 2858 f.
1869 2789 2099 2878 Dnnmuovn,
2128 2789 2186 2879 qui
2204 2789 2412 2861 institutioni

614 2911 772 3002 publicae
791 2913 825 2983 in
844 2913 987 3001 imperio
1002 2911 1146 2984 Russico
1165 2919 1220 2982 est
1238 2910 1435 3002 praefectus
1449 2910 1694 3002 Societatisque
1713 2913 1993 3004 archaeologicae
2010 2912 2181 3002 praesidis
2195 2913 2287 2984 vices
2302 2919 2410 3002 tenet,

618 3035 855 3128 benevolentia
874 3034 1000 3108 factum
1020 3043 1085 3126 est,
1104 3043 1144 3106 ut
1161 3057 1240 3107 vere
1259 3057 1289 3106 a.
1310 3037 1408 3106 1883
1429 3035 1465 3105 in
1484 3035 1875 3109 meridionalesRussiue
1894 3036 2087 3124 provincias
2104 3034 2342 3125 proficiscerer
2360 3037 2411 3107 in·
2508 3053 2514 3084 ³

613 3141 808 3252 sriptiones,
829 3181 916 3250 quae
934 3159 1004 3232 illic
1023 3161 1058 3231 in
1077 3162 1205 3232 muscis
1223 3162 1335 3232 adhue
1355 3167 1501 3250 exstant,
1522 3163 1789 3252 conquisiturus.
1819 3162 1899 3234 Adii
1919 3159 2159 3250 Charkoviam,
2179 3161 2410 3251 Kertschiam,

614 3285 848 3375 paeninsulam
877 3285 1093 3375 Tamaniam,
1123 3284 1367 3375 Theodosium,
1403 3284 1657 3377 Sebastopolis,
1687 3285 1870 3377 Odessam,
1900 3285 2124 3376 Chersonem,
2157 3285 2412 3376 Kischinevum,

617 3409 765 3500 denique
783 3411 933 3482 eiusdem
952 3411 1032 3480 anni
1050 3431 1095 3482 m.
1116 3411 1275 3498 Angusto
1295 3411 1493 3501 Mosquam3
1523 3410 1649 3502 ubique
1668 3433 1688 3482 a
1705 3413 1801 3502 viris,
1821 3412 1880 3501 qui
1899 3406 2026 3483 museis
2044 3411 2233 3502 praepositi
2255 3417 2337 3483 sunt
2353 3417 2414 3482 aut

614 3535 679 3624 ipsi
698 3537 940 3627 antiquitatum
961 3535 1179 3609 collectiones
1197 3537 1383 3626 possident,
1403 3535 1647 3607 humanissime
1666 3542 1831 3626 exceptus
1844 3544 1880 3607 et
1894 3536 2032 3607 adiutus
2045 3542 2099 3608 tot
2113 3534 2234 3608 titulos
2249 3535 2414 3626 exscripsi

615 3665 650 3731 et
665 3659 773 3732 editos
788 3668 823 3732 et
838 3661 998 3750 ineditos,
1022 3667 1106 3750 quot
1124 3661 1340 3732 inventurum
1355 3681 1596 3751 menumquam
1612 3680 1839 3749 speraveram.
1860 3659 1891 3730 E
1907 3661 1991 3732 viris
2009 3659 2236 3750 amplissimis,
2257 3661 2313 3750 qui
2332 3679 2412 3731 con·

615 3785 691 3856 silio
710 3792 746 3856 et
764 3805 867 3874 opere
887 3785 1006 3857 titulos
1024 3786 1246 3874 conquirendi
1274 3784 1428 3857 laborem
1453 3785 1536 3855 mihi
1559 3784 1793 3876 sublevarunt,
1823 3805 1906 3874 prae
1930 3786 2056 3856 ceteris
2081 3784 2276 3874 gratissimo
2300 3784 2412 3855 animo

615 3910 700 3981 mihi
724 3909 919 3982 nominandi
947 3916 1026 3981 sunt
1044 3908 1226 3980 Ladislaus
1246 3909 1291 3981 N.
1311 3907 1335 3981 f.
1356 3908 1559 3981 Junanvroz
1583 3914 1619 3980 et
1641 3909 1848 3981 Nicodamus
1867 3909 1906 3981 P.
1927 3907 1950 3980 f.
1972 3909 2178 3980 Kosnxxov
2200 3905 2413 3998 professores

616 4035 827 4126 Odessitani,
856 4036 956 4108 Plato
980 4036 1047 4107 Ios.
1067 4033 1090 4106 f.
1112 4035 1383 4106 Buaarsoaxov
1404 4032 1663 4126 chersonensis,
1692 4035 1839 4107 Ioannes
1858 4032 1896 4105 Ο.
1917 4030 1941 4104 f.
1964 4032 2206 4104 Sunursonax
2231 4031 2412 4106 Kischine-

616 4160 755 4248 viensis,
776 4159 928 4230 Iulianus
948 4161 990 4231 A.
1012 4159 1035 4231 f.
1056 4160 1298 4232 Konnxovsm
1316 4157 1488 4248 professor
1502 4158 1705 4250 Kiovieusis,
1725 4159 1854 4230 Paulus
1873 4157 1914 4230 B.
1935 4156 1958 4229 f.
1978 4157 2165 4229 Funrsnao
2183 4157 2310 4230 sodalis
2330 4157 2412 4242 olim
2519 4193 2524 4204 ·

575 4292 578 4301 '
615 4284 902 4376 Petropolitanus‚
934 4304 1022 4356 nunc
1040 4285 1208 4375 gymnasii
1227 4284 1482 4356 Kertschiensis
1501 4291 1717 4375 praeceptor,
1738 4283 1879 4356 Alexius
1898 4283 1948 4354 Μ.
1968 4281 1992 4353 f.
2014 4281 2295 4354 Ponsonrvnnov
2314 4282 2408 4354 Mos-

616 4411 766 4498 quensis,
785 4409 978 4497 Stephanus
996 4407 1059 4480 Ph.
1080 4407 1103 4481 i.
1127 4397 1315 4480 Onnorsxr
1332 4415 1535 4498 praeceptor
1554 4408 1636 4480 olim
1652 4408 1888 4500 Odessitanus,
1908 4428 1998 4479 nunc
2016 4406 2305 4496 Petropolitanus.
2328 4403 2412 4494 Qui-

618 4533 682 4605 bus
702 4535 785 4605 viris
804 4539 969 4622 quantum
998 4533 1177 4606 debuerim
1202 4535 1236 4604 in
1261 4523 1503 4623 comparanda
1518 4534 1663 4604 materia
1682 4538 1718 4604 et
1735 4533 1835 4604 huius
1859 4532 2043 4604 voluminis
2067 4538 2102 4602 et
2124 4531 2357 4621 reliquorum,
2376 4531 2412 4600 in

617 4678 821 4749 unaquaque
841 4657 912 4730 fere
931 4660 1055 4749 pagins
1070 4658 1189 4731 licebit
1202 4659 1329 4730 videre.
1351 4659 1536 4729 Praeterea
1549 4656 1858 4729 Pomanovsmum
1871 4678 1903 4728 v.
1919 4657 1962 4729 cl.
1980 4676 2081 4746 quam
2096 4675 2114 4726 e
2129 4654 2225 4725 libris
2241 4654 2413 4743 conligare

616 4785 811 4856 incohasset
838 4785 1019 4856 materiam
1049 4784 1289 4856 liberalissime
1317 4785 1401 4856 mihi
1429 4785 1636 4856 concessisse
1663 4791 1763 4874 grata
1790 4788 1905 4854 mente
1933 4779 2057 4853 refero.
2097 4780 2212 4852 Etiam
2242 4777 2413 4850 Theodori
2447 4813 2451 4822 ·

617 4909 823 4982 Mommsnsr
844 4910 910 4980 viri
930 4909 1155 4981 illustrissimi
1174 4907 1341 4981 beneficio
1360 4909 1488 4981 factum
1508 4916 1572 5000 est,
1593 4915 1632 4980 ut
1650 4908 1830 4980 titulorum
1855 4910 1924 4978 171
1946 4912 1982 4976 et
2000 4905 2078 4977 add.
2103 4903 2197 4977 178ι
2217 4902 2415 4995 apographa
2518 4955 2520 4962 .

616 5033 796 5106 emendata
814 5034 895 5106 huic
914 5011 1010 5123 operi
1028 5034 1178 5105 inserere
1198 5034 1328 5111 liceret.
1618 5027 1620 5032 ’

722 5159 796 5230 Hac
816 5161 931 5250 priore
950 5159 1080 5231 laboris
1098 5167 1196 5248 parte
1224 5158 1376 5251 perfecta
1393 5159 1437 5230 ad
1456 5161 1602 5231 alteram
1628 5160 1755 5230 accessi
1774 5178 1841 5229 non
1860 5157 1972 5227 minus
1993 5153 2086 5225 illam
2106 5153 2243 5243 quidem
2272 5152 2414 5225 arduam

617 5305 657 5356 ac
676 5282 861 5356 difficilem.
891 5281 1028 5354 Etenim
1049 5284 1084 5353 in
1104 5281 1214 5354 titulis
1233 5284 1451 5372 disponendis
1478 5283 1676 5374 supplendis
1699 5280 1910 5372 explicandis
1929 5301 2030 5371 quam
2052 5278 2139 5352 bene
2157 5277 2240 5350 mihi
2265 5299 2321 5350 res
2339 5299 2413 5350 ces-

618 5409 705 5480 serit
725 5430 801 5481 cum
820 5429 887 5479 non
906 5429 1017 5479 meum
1039 5409 1084 5479 sit
1104 5408 1304 5498 diiudicare,
1335 5411 1453 5497 paucis
1478 5416 1592 5480 tamen
1620 5409 1768 5479 monitos
1786 5407 1889 5478 velim
1917 5405 2074 5476 lectores.
2103 5401 2234 5493 Nempe
2251 5403 2287 5472 in
2305 5402 2417 5474 titulis

618 5553 679 5624 per·
698 5553 825 5623 genera
840 5540 876 5604 et
891 5532 1017 5605 classes
1031 5531 1278 5603 distribuendis
1291 5553 1496 5623 quamquam
1517 5534 1759 5606 auctoritatem
1775 5533 1927 5602 virorum
1943 5530 2070 5618 optime
2085 5528 2128 5599 de
2141 5528 2207 5599 hoc
2221 5527 2415 5599 litterarum

617 5679 743 5748 genere
771 5658 972 5728 meritorum
992 5678 1065 5728 sum
1087 5667 1236 5748 secutus,
1267 5663 1381 5729 tamen
1406 5679 1471 5729 non
1490 5658 1534 5729 ab
1554 5658 1645 5728 omni
1672 5663 1771 5746 parte
1790 5657 1946 5727 omnibus
1965 5674 2018 5724 me
2038 5651 2291 5725 satisfacturum
2315 5649 2414 5724 facile

619 5782 782 5856 concedo:
802 5803 880 5854 nom
896 5781 987 5872 quod
1002 5779 1293 5872 Dittenbergerns
1313 5784 1346 5852 in
1366 5781 1580 5872 praefatione
1595 5780 1633 5854 G.
1650 5783 1678 5853 Ι.
1694 5782 1770 5853 Att.
1786 5802 1818 5852 v.
1834 5780 1887 5851 ΙΙΙ
1902 5779 2033 5850 monuit
2052 5777 2140 5849 hanc
2159 5797 2232 5848 rem
2251 5777 2286 5848 in
2304 5775 2414 5848 titulis

619 5908 748 5982 Atticis
768 5907 968 5997 posterioris
987 5907 1113 5979 aetatis
1135 5907 1227 5979 haud
1247 5909 1379 5998 exiguis
1398 5907 1566 5997 implicari
1586 5904 1861 5995 difficultatibus,
1890 5905 1979 5976 idem
1999 5903 2128 5993 optimo
2147 5903 2223 5973 iure
2242 5899 2284 5972 ad
2303 5919 2413 5970 meam

618 6033 830 6126 provinciam
858 6029 983 6104 referri
1012 6037 1136 6121 potest.
1167 6033 1254 6104 Item
1284 6031 1436 6124 singulos
1461 6033 1582 6104 titulos
1604 6033 1639 6102 in
1663 6049 1865 6122 unaquaque
1884 6029 1994 6101 classe
2013 6049 2056 6100 ex
2079 6036 2270 6120 temporum
2294 6024 2413 6096 ordine
