5560 7516
633 1073 679 1141 10
931 1053 936 1066 ’
1181 1077 1184 1084 “
1330 1070 1452 1142 Tricas
1469 1091 1515 1141 ur
1533 1091 1681 1141 vrcmrn.
1773 1155 1780 1172 ι
2273 1068 2309 1146 ta
2330 1077 2364 1147 3.

627 1280 747 1370 primis
765 1302 871 1372 graue
889 1283 1054 1354 marmori
1070 1266 1221 1373 pretioso
1249 1283 1508 1355 accuratissime
1535 1281 1686 1353 incidere
1705 1301 1746 1353 eo
1766 1286 1899 1354 tantum
1922 1282 2068 1355 ,consilio
2086 1287 2127 1354 ut
2148 1283 2183 1354 in
2202 1284 2447 1390 solitudinem!

627 1405 669 1476 ab
689 1404 775 1477 urbe
794 1408 1054 1479 remotissimam
1075 1411 1372 1497 transportaretur
1390 1407 1507 1497 ibique
1525 1406 1645 1478 limitis
1663 1411 1849 1497 poneretur
1866 1407 1964 1478 loco?
1983 1408 2090 1480 Immo
2110 1407 2285 1499 oppidanis
2304 1429 2421 1482 neces·
2483 1435 2487 1443 ·

627 1530 756 1602 sarium
783 1528 851 1602 luit
878 1531 975 1621 quasi
1003 1532 1152 1621 optimus
1184 1531 1412 1602 immunitatis
1440 1551 1622 1603 concessae
1649 1531 1766 1622 testis,
1799 1530 2070 1621 servandumque
2097 1530 2164 1604 ruit
2188 1532 2224 1602 in
2250 1531 2422 1606 tabulario

626 1655 765 1746 publico
780 1665 840 1730 aut
853 1659 887 1729 ἐν
902 1665 952 1754 τῷ
966 1655 1205 1756 ἐπισημοτάτῳ
1222 1662 1285 1751 τῆς
1303 1655 1434 1740 πόλεως
1451 1657 1557 1752 τόπῳ,
1577 1678 1643 1730 nou
1658 1657 1735 1729 loco
1749 1656 1904 1746 deserto;
1926 1659 1955 1729 si
1970 1658 2108 1748 quidem
2122 1659 2268 1732 termino
2283 1679 2421 1734 necesse

626 1778 749 1852 luisset
766 1779 868 1854 finem
889 1782 1270 1872 immunitatisTyranis
1288 1802 1469 1855 concessae
1487 1784 1625 1872 signare
1638 1781 1743 1872 (quod
1758 1801 1820 1872 per
1838 1801 1877 1852 se
1894 1801 1961 1853 non
1980 1789 2033 1854 est
2051 1781 2241 1873 probabile:
2262 1783 2421 1856 immuni·

627 1911 734 1977 tatem
752 1906 854 1998 enim,
882 1914 922 1979 ut
939 1907 1172 2006 Mommsenus
1198 1908 1272 1996 ipsc
1300 1907 1443 1997 monuit,
1471 1913 1532 1978 aut
1559 1927 1621 1996 per
1639 1906 1818 1997 illyricum
1845 1905 2042 1977 universum
2070 1905 2264 1978 habueruut
2282 1907 2420 2001 Tyrani,

550 2059 551 2062 ¹
627 2035 687 2101 aut
704 2031 739 2100 in
759 2029 833 2102 solo
850 2037 955 2121 portu
974 2031 1137 2122 Tyrano),
1168 2037 1263 2102 certe
1281 2030 1428 2120 lapidem
1447 2031 1548 2102 vilem
1570 2051 1644 2101 cum
1664 2028 1760 2100 brevi
1780 2029 2002 2118 inscriptione
2019 2031 2224 2121 posuissent,
2251 2051 2319 2103 non
2338 2029 2420 2104 item

627 2152 740 2224 omnia
757 2153 963 2226 documenta
981 2155 1192 2244 incidissent,
1212 2174 1298 2245 quae
1316 2153 1358 2225 ad
1378 2154 1627 2226 immunitatem
1647 2152 1871 2243 pertinerent.
1969 2201 1970 2204 ,

732 2276 836 2367 Lapis
852 2277 950 2350 brevi
968 2283 1146 2369 postquam
1171 2285 1331 2368 repertus
1349 2285 1413 2364 est,
1433 2278 1598 2350 Odessam
1621 2282 1877 2366 transportatus
1895 2281 1931 2347 et
1949 2297 2068 2348 museo
2085 2297 2155 2349 soc.
2169 2277 2250 2349 hist.
2270 2286 2306 2350 et
2323 2279 2418 2352 arch.

626 2398 753 2472 inlatus
771 2408 835 2490 est,
851 2401 911 2473 abi
923 2402 1024 2474 hodie
1039 2407 1207 2473 servatur.
1219 2399 1427 2473 —Beclreri
1439 2400 1591 2473 tabulam
1607 2422 1627 2472 a
1644 2400 1798 2472 Brunnio
1813 2399 2004 2473 correctam
2019 2407 2055 2472 et
2067 2422 2089 2472 a
2100 2402 2198 2474 nobis
2216 2423 2293 2474 cum
2309 2402 2421 2493 lapide

626 2522 811 2613 diligenter
825 2525 994 2597 conlatam
1012 2525 1232 2615 repetendam
1247 2525 1458 2613 curavimus3
1479 2545 1580 2615 quam
1595 2545 1672 2596 cum
1688 2522 1931 2616 conferremus,
1952 2530 2023 2595 tam
2037 2531 2199 2598 accurate
2213 2527 2419 2616 exscriptam

625 2646 809 2739 lapideque
828 2669 1025 2740 expressam
1046 2671 1119 2721 esse
1138 2650 1310 2739 apparuit,
1332 2655 1370 2720 ut
1387 2649 1473 2719 nihil
1491 2649 1557 2720 nisi
1574 2649 1636 2720 has
1656 2669 1711 2720 res
1730 2647 1980 2720 minutissimas
1997 2669 2078 2720 sane
2091 2649 2126 2720 in
2141 2649 2278 2722 schedis
2296 2652 2425 2738 nostris

627 2777 841 2845 notaremus:
872 2793 1032 2845 versuum
1054 2776 1101 2845 32
1122 2781 1158 2844 et
1174 2777 1225 2854 ,42
1245 2773 1377 2862 primae
1405 2773 1544 2844 litterae
1567 2773 1717 2864 (illico,
1746 2772 1801 2844 hic
1822 2773 1848 2862 Ι)
1867 2772 1994 2843 ceteris
2020 2773 2196 2863 aliquanto
2222 2775 2369 2846 maiores
2386 2777 2420 2846 in

627 2895 739 2987 lapide
757 2904 853 2986 sunt3
875 2919 906 2968 v.
928 2901 979 2986 45,
998 2903 1077 2988 post
1097 2898 1128 2970 ΓΙ
1148 2897 1300 2968 litteram
1319 2903 1485 2987 punctum
1503 2902 1579 2969 erat
1597 2898 1776 2985 omissum;
1797 2916 1827 2968 v.
1846 2899 1893 2968 43
1915 2896 2090 2967 consulum
2109 2897 2248 2970 nomina
2265 2905 2300 2971 et
2317 2921 2349 2970 v.
2372 2902 2421 2970 44

551 3033 554 3043 “
628 3020 765 3092 litterae
782 3021 917 3093 stlat·
935 3023 969 3092 in
989 3043 1109 3094 rasura
1128 3028 1289 3114 exaratae
1307 3027 1398 3095 sunt.
1848 3031 1849 3036 ’

1417 3229 1450 3297 (u.
1466 3228 1585 3283 tabularu
1600 3227 1635 3298 1.)

735 3409 866 3482 Versus
886 3412 907 3481 7
927 3411 1072 3501 priores,
1101 3412 1160 3501 qui
1180 3411 1215 3481 in
1234 3411 1346 3502 lapide
1368 3432 1435 3483 nou
1459 3419 1596 3484 exstant
1621 3411 1762 3503 integri,
1791 3411 1886 3481 varie
1912 3409 2141 3483 restituerunt
2167 3411 2332 3503 editores;
2358 3407 2421 3486 nos

627 3533 833 3608 Mommseni
851 3535 1108 3627 supplementis,
1127 3540 1166 3606 ut
1184 3555 1247 3626 par
1265 3541 1351 3626 erat,
1372 3557 1489 3608 sumus
1507 3537 1571 3608 usi.

1048 3816 1270 3910 [Eaemplum
1287 3819 1452 3908 epistulae
1469 3819 1516 3890 ad
1536 3816 1748 3909 Tertulluml.
1860 3819 1862 3822 ’

941 3927 1122 4043 [Misimus
1138 3941 1198 4014 tibi
1217 3943 1395 4032 epistulam
1413 3942 1459 4013 ael
1479 3942 1701 4033 Heraclitum,
1721 3942 1811 4014 uude

941 4063 1119 4157 iutellepes,
1138 4066 1222 4156 quiet
1237 4065 1455 4138 statuerimus
1473 4067 1516 4138 de
1532 4065 1754 4157 immunitate,

940 4210 1041 4279 paam
1062 4189 1193 4280 Tpraui
1210 4189 1275 4262 stat
1293 4212 1482 4262 concessam
1500 4211 1571 4263 esse
1589 4192 1800 4264 coutemluut.

943 4311 1050 4400 Quam
1069 4314 1145 4386 licet
1164 4315 1340 4387 admittere
1358 4337 1426 4386 uon
1444 4313 1611 4387 soleamus
1628 4315 1698 4386 uisi
1711 4315 1790 4405 pri-

943 4435 1073 4528 uile]pii
1091 4436 1306 4529 auat[oritate
1322 4458 1492 4528 perpensa
1510 4443 1539 4508 et
1558 4439 1684 4527 criptae
1701 4440 1842 4539 imma]-

940 4559 1058 4632 mitatis
1075 4560 1239 4652 iuspecto,
1258 4562 1345 4652 quael
1363 4561 1580 4654 us[urpatum
1598 4583 1670 4633 esse
1686 4561 1748 4633 eliu
1764 4565 1863 4659 pua]-

941 4705 1008 4774 pua
1024 4685 1156 4756 ratione
1174 4684 1359 4776 uidebatur,
1381 4708 1455 4756 oum
1473 4685 1782 4780 iusta[moclerati]·

941 4829 1003 4879 ome
1020 4808 1240 4898 servavimus,
1260 4817 1297 4880 ut
1315 4831 1420 4901 aeque
1439 4811 1508 4900 ipsi
1525 4809 1779 4905 cous[uetmrli]·

940 4953 983 5004 aa
1001 4932 1165 5004 diuturna
1178 4934 1388 5024 pellerentur
1405 4940 1436 5006 et
1453 4934 1711 5028 aepiscopum]

939 5055 1072 5127 decreta
1089 5057 1214 5130 muium
1232 5057 1518 5130 adsmuemdorum
1537 5057 1722 5154 cousi[liis]

936 5181 1109 5270 praesidis
1121 5183 1319 5271 prouinciae
1337 5182 1552 5276 allarissimi)
1569 5183 1667 5274 alisi)
1680 5186 2019 5284 perpenderemupp

1044 5410 1249 5502 Eaemplum
1267 5410 1428 5502 epistulae
1445 5413 1493 5484 acl
1510 5414 1731 5489 Heraclitum.
1863 5501 1865 5509 γ

942 5621 1154 5714 Quamquam
1172 5623 1386 5716 Tprauorum
1403 5625 1523 5697 ciuitas
1541 5625 1728 5718 orlilpiuem

836 5767 868 5819 ro
937 5746 1012 5818 clati
1029 5745 1179 5836 beneficii
1197 5769 1266 5818 mou
1285 5748 1438 5820 osteudut
1455 5769 1514 5820 uec
1531 5748 1647 5840 facile,
1666 5771 1750 5840 quoe

734 5861 740 5868 ’
933 5892 999 5963 per
1017 5893 1164 5943 errorem
1182 5877 1240 5943 aul
1258 5871 1430 5944 licentiam
1447 5878 1612 5962 usurpata
1629 5881 1719 5965 sauci,
1732 5897 1836 5966 prae·

938 5997 1121 6088 scriptione
1137 5996 1297 6087 temporis
1313 5993 1565 6087 confirmentur,
1584 6003 1708 6088 tameo,
