5530 7512
605 1034 652 1103 82
1432 1027 1559 1100 Oasin.
2228 1029 2264 1106 h
2285 1037 2333 1104 47
2340 1090 2346 1104 .

707 1244 902 1317 Boeckhius
920 1244 1116 1315 litterarum
1135 1240 1280 1315 formam
1305 1263 1347 1314 ex
1366 1240 1559 1314 Chandlero
1578 1247 1615 1314 et
1640 1248 1768 1333 partim
1787 1242 1959 1334 Walpolio
1976 1243 2048 1336 (qui
2069 1245 2100 1316 l'l
2119 1245 2235 1336 habet,
2254 1243 2400 1318 fortasse

602 1367 742 1462 rectius)
761 1369 867 1462 dedit,
888 1376 1022 1440 textum
1042 1389 1084 1440 ex
1103 1367 1266 1457 Walpolii
1284 1367 1482 1458 apographo
1501 1368 1729 1448 accuratiore,
1751 1367 1936 1441 Chandleri
1954 1369 2059 1440 variis
2082 1368 2285 1441 lectionibus
2303 1372 2400 1461 (qua-

603 1515 677 1565 rum
705 1493 887 1584 pleraeque
915 1494 962 1563 nil
995 1494 1060 1564 nisi
1092 1491 1354 1563 transcribentis
1384 1510 1518 1564 errores
1546 1490 1706 1562 ridentur
1733 1494 1820 1581 esse)
1845 1493 1879 1562 in
1902 1492 2120 1564 adnotatione
2147 1495 2402 1567 accuratissime

601 1619 820 1690 enumeratis.
852 1616 945 1704 Quas
973 1637 1089 1688 omnes
1116 1616 1349 1687 transcribere
1378 1636 1456 1686 curn
1479 1637 1546 1686 non
1564 1615 1723 1687 videatur
1742 1637 1816 1688 esse
1845 1637 1969 1708 operae
1997 1618 2161 1708 pretium,
2191 1639 2249 1690 eas
2266 1625 2401 1691 tanturn

602 1740 828 1829 enotabimus,
849 1761 932 1830 quas
951 1739 1143 1810 Boeolrhius
1162 1748 1302 1810 secutus
1320 1745 1448 1810 est.-
1463 1737 1542 1809 «Vs.
1565 1741 1586 1809 3
1608 1739 1920 1829 interpunctionem
1939 1761 2006 1812 non
2026 1742 2129 1814 habet
2148 1741 2281 1832 Walp.»
2297 1745 2336 1815 B.
2349 1785 2401 1796 -

407 1919 415 1936 i
460 1890 462 1894 ·
601 1866 663 1937 Vs
685 1868 719 1935 7:
750 1865 1113 1939 ΠΡΟ....ΑΝΤΟΣ
1136 1862 1250 1952 Walp.
1272 1903 1324 1914 -
1348 1862 1411 1934 Vs.
1440 1867 1498 1934 ll:
1530 1863 2022 1938 ΠΑΤΡΟΣΑΥΤΟΥΤΑΝ
2047 1863 2161 1956 Walp.
2188 1907 2239 1920 -
2268 1867 2310 1939 V.
2336 1872 2399 1940 15:

603 1993 802 2064 ΕΥΝΟΙΑΙ
832 1989 959 2081 Walp.;
980 1989 1148 2087 «προνοίᾳ,
1171 2009 1237 2059 non
1257 1988 1366 2084 ευνοίορ
1386 1989 1520 2078 scripsi,
1549 1996 1657 2059 utus.
1680 1991 1741 2058 27.
1770 1989 1911 2071 Εὑνοίας
1934 1992 2062 2062 mentio
2081 1992 2180 2063 modo
2199 1993 2302 2081 paulo
2321 1999 2401 2064 ante

600 2114 693 2184 lacta
720 2119 827 2184 erat».
850 2114 889 2183 Β.
912 2155 959 2164 -
981 2113 1042 2184 Vs.
1065 2116 1112 2184 27
1143 2113 1394 2185 ΠΡΟΝΟΙΑΝ
1415 2109 1529 2202 Walp.
1554 2151 1599 2162 -
1621 2111 1701 2182 «Vs.
1724 2114 1785 2183 28.
1815 2111 1930 2202 Walp.
1961 2115 2243 2202 ΕΚΓΟΝΟΥΣ;
2273 2116 2401 2187 retinui

601 2236 891 2309 Chandlerianum
911 2243 950 2308 ut
969 2236 1206 2327 exquisitius».
1226 2237 1266 2306 Β.
1286 2277 1338 2287 -
1357 2235 1437 2306 «Vs.
1461 2239 1509 2307 33
1530 2240 1616 2307 extr.
1639 2235 1702 2308 Ch.
1725 2237 1789 2308 ΨΑ
1803 2293 1810 2307 .
1823 2293 1830 2306 .
1844 2290 1853 2306 .
1866 2292 1887 2326 .,
1909 2237 2022 2328 Walp.
2044 2239 2175 2313 ΨΑΛ».
2195 2239 2236 2311 Β.

1289 2429 1331 2502 Ὀ
1351 2420 1458 2528 δᾶμος
1479 2428 1716 2514 όΒυζαντίων.

779 2545 899 2639 Ἔδοξε
927 2564 970 2652 τᾷ
999 2551 1105 2654 βουλᾷ
1132 2559 1188 2625 καί
1211 2563 1261 2648 τῷ
1280 2546 1389 2652 δάμῳ·
1414 2559 1464 2627 τοί
1489 2561 1676 2653 στραταγοί
1700 2547 1814 2654 alluat·
1835 2552 1927 2627 Ἐπεί
1945 2553 2107 2655 Ὀρόντας
2126 2553 2401 2653 Ὀλβιοπολείτας

618 2699 635 2752 5
675 2671 819 2776 Ἀβάβσυ
840 2674 843 2776 {
864 2683 941 2770 υίός,
973 2670 1089 2776 ἀνδρὸς
1108 2680 1146 2749 ου
1167 2678 1269 2775 μόνον
1297 2690 1358 2762 τᾶς
1386 2670 1553 2776 πατρίδος,
1585 2677 1676 2750 ἀλλὰ
1703 2686 1758 2750 καί
1779 2675 1791 2780 ,l
1813 2680 2000 2763 συνπαντος
2023 2693 2083 2752 τοῦ
2103 2687 2266 2754 Ποντικοῦ
2289 2709 2401 2782 πρασι-

682 2787 883 2886 στοίοσαντος
905 2813 907 2877 Ξ
930 2808 1040 2885 ἔθνεος
1067 2807 1123 2873 καί
1152 2803 1250 2902 μέχρι
1277 2815 1338 2887 τᾶς
1366 2815 1435 2875 τῶν
1454 2800 1635 2900 Σεβαστῶν
1655 2800 1823 2903 γνὼρεως
1851 2801 2123 2902 προκό[ψ]αντος,
2154 2798 2322 2878 πολλὰδὲ
2344 2815 2400 2880 καί

680 2923 880 3012 Βυζανίτίων
900 2927 993 2998 πόλει
1016 2926 1103 2999 κατά
1122 2952 1159 3000 τε
1177 2931 1238 3010 τὰς
1259 2918 1423 3024 δαμοσίας
1441 2923 1550 3026 χρίγας
1570 2933 1625 2999 καί
1645 2925 1649 3024 ί
1669 2941 1737 3000 τῶν
1758 2932 1802 3010 τίς
1820 2932 1860 3000 τό
1879 2929 2026 3028 ὲνπόριον
2050 2926 2221 3002 πλεόντων
2241 2927 2401 3032 προσπαίξ-

606 3077 637 3127 ιο
684 3055 757 3134 σίας
777 3051 957 3148 γενομένου
977 3050 1158 3149 ὠφελίμου,
1189 3055 1244 3122 καί
1264 3053 1364 3133 αυτὸς
1383 3046 1504 3152 ιθσίπερ
1523 3054 1567 3124 τὰ
1584 3050 1686 3124 λοιπὰ
1704 3065 1764 3124 τοῦ
1783 3053 1918 3153 πατρός,
1940 3058 2046 3137 οὕτως
2066 3057 2127 3126 τὰν
2147 3061 2222 3127 ποτί
2240 3059 2297 3127 τόν
2320 3051 2324 3156 l
2344 3047 2401 3129 δᾶ-

685 3202 748 3275 μον
768 3181 895 3248 εθνοιαν
915 3182 970 3246 καί
989 3170 1159 3273 προξενίαν
1179 3165 1430 3274 διαδεξάίμενος,
1452 3181 1516 3247 υπὸ
1535 3175 1671 3248 πάντων
1690 3181 1751 3274 μὲν
1770 3189 1986 3276 μαρτυρεῖται
2004 3191 2071 3250 τῶν
2093 3173 2096 3279 ί
2123 3177 2338 3262 οἰςπλεόντων
2358 3186 2402 3265 εἰς

605 3322 637 3375 lo
683 3304 740 3373 τόν
760 3299 890 3372 Πόντον
909 3297 1067 3372 πολειτᾶν
1083 3293 1096 3401 Η
1114 3303 1164 3370 ἐπὶ
1184 3297 1426 3400 φιλανθρωπίαι
1445 3305 1501 3370 καί
1521 3301 1710 3398 π[ρ]ονοίαι,
1731 3305 1787 3371 καί
1806 3297 2086 3400 παραίγονόμονος
2106 3293 2141 3372 δὲ
2160 3306 2204 3385 είς
2223 3305 2285 3375 τάν
2305 3303 2401 3376 πόλιν

683 3437 815 3522 σεμνῶς
834 3429 894 3521 μὲν
916 3423 919 3520 ί
940 3424 1087 3523 προέστα
1115 3435 1176 3506 τᾶς
1204 3416 1390 3522 ἑπιδαμίας,
1421 3421 1644 3523 προετρέψατο
1666 3418 1669 3498 ί
1691 3415 1726 3494 δὲ
1744 3429 1789 3507 εἰς
1808 3417 1958 3518 πλὴονας
1987 3417 2125 3510 ἐλπίδας
2152 3426 2210 3499 τόν
2234 3450 2270 3499 τε
2294 3418 2402 3526 δᾶμον

602 3571 637 3623 20
656 3579 662 3592 ·
683 3553 738 3620 καί
759 3543 762 3650 l
783 3555 860 3632 τοὺς
889 3541 1033 3641 ἰδιώτας,
1061 3554 1083 3620 oi
1111 3539 1146 3619 δὲ
1174 3547 1267 3631 πόλις
1296 3541 1349 3620 διοί
1375 3575 1413 3620 τε
1440 3551 1502 3632 τὰς
1530 3553 1574 3632 εἰς
1604 3544 1744 3648 toalleas
1772 3551 1961 3648 εὐεργεσίας
1989 3555 2045 3622 καί
2068 3542 2121 3623 διὰ
2146 3556 2185 3624 τὸ
2207 3563 2268 3624 τοῦ
2287 3541 2402 3650 ἀνδρὸς

683 3680 737 3746 καί
758 3669 762 3774 l
781 3687 849 3746 τῶν
869 3677 1043 3772 προγόνων
1062 3668 1193 3773 ἀξίωμα
1218 3663 1395 3764 ἐπιτοίδηον
1414 3667 1582 3770 ἡγήσαίτο
1602 3671 1652 3769 μὴ
1672 3667 1880 3771 ἁσαμίγωτον
1905 3675 2008 3748 αὑτοῦ
2032 3676 2094 3748 τάν
2113 3677 2298 3775 παρουσίαν
2317 3669 2402 3775 ἀρίγ-

603 3819 636 3872 25
682 3823 754 3896 μεν,
785 3803 801 3869 ό
829 3823 865 3870 τε
894 3790 999 3896 δᾶμος
1028 3798 1264 3871 ἑνεκελεὺσατο
1293 3811 1361 3880 τοῖς
1390 3793 1602 3898 στραίταγοῖς
1625 3808 1782 3895 τειμᾶσαι
1808 3803 1866 3870 τόν
1894 3791 2008 3897 ἄνδρα·
2039 3791 2078 3870 δ’
2105 3806 2127 3871 ἃ
2156 3791 2197 3892 δὴ
2228 3790 2403 3900 δοδόξίχθαι

681 3926 880 4016 ἑπαινῆσθαι
899 3927 960 4020 μὲν
977 3921 1141 4021 Ὀρόνταν
1159 3918 1300 4019 Ἀβαίβου
1323 3920 1326 4016 ί
1347 3918 1625 4020 Ὀλβιοπολείταν
1645 3925 1697 3992 ἐπί
1720 3933 1774 3994 τᾶι
1794 3914 1938 3994 διανεκεῖ
1953 3928 2029 3996 ποτί
2047 3928 2104 3995 τόν
2127 3918 2129 4022 Ι
2151 3915 2258 4021 δᾶμον
2277 3931 2332 3995 καί
2351 3915 2403 3996 διὰ

682 4047 857 4146 προγόνων
877 4049 1034 4144 προνοίαι,
1064 4043 1153 4145 είμον
1174 4039 1208 4118 δὲ
1229 4044 1233 4144 l
1254 4048 1354 4120 αίιτόν
1373 4051 1429 4116 καί
1448 4045 1606 4118 πολείταν
1625 4049 1681 4117 καί
1703 4052 1780 4130 τοὺς
1809 4047 1970 4146 ἐγγόνους
1994 4044 2106 4144 αίιίτοῦ
2125 4054 2180 4119 καί
2199 4057 2403 4150 ποτιγραφῆ-

603 4195 637 4245 30
683 4195 744 4268 μεν
772 4167 849 4240 ποθ’
871 4172 912 4240 av
939 4196 983 4240 κα
1010 4168 1095 4275 θέλῃ
1124 4181 1185 4241 τᾶν
1206 4164 1219 4268 ll
1241 4171 1465 4243 ἑκατοστίιων·
1487 4177 1634 4266 τεθῆμεν
1662 4161 1698 4240 δὲ
1727 4172 1830 4243 αὑτοῦ
1857 4177 1913 4242 καί
1940 4169 2059 4272 εἰκόίνα
2087 4174 2265 4272 ἐπίχρυσον
2285 4177 2319 4244 ἐν
2342 4186 2402 4247 τῶι

684 4291 921 4392 βουλευτηρίωι
941 4297 974 4365 ἐν
995 4286 1001 4394 Ι
1020 4293 1125 4366 τόπωι
1144 4297 1183 4365 Coo
1202 4293 1251 4391 μὴ
1271 4293 1375 4378 ἄλλος
1395 4302 1473 4394 ἔχει,
1504 4300 1560 4366 καί
1581 4297 1766 4395 ἐπιγραρὰν
1790 4289 1976 4394 ἑτιίγροίψαι
2004 4299 2065 4369 τὰν
2090 4288 2400 4395 προδοδηλωμίναν·

603 4441 645 4493 35-
686 4411 947 4516 διαπίμψαίσθαι
975 4408 1089 4490 δὲκαὶ
1115 4415 1329 4515 τόψοίφισμα
1357 4429 1456 4490 τοῦτο
1477 4408 1516 4489 δι’
1535 4412 1732 4519 ἑπιστοίίλᾶς
1759 4429 1828 4502 τοῖς
1846 4415 2123 4516 Ὀλβιοπολειτᾶν
2151 4424 2320 4518 ἄρχουσιν,
2351 4424 2402 4491 ίνα

681 4548 736 4615 καί
755 4549 777 4614 ἀ
797 4539 801 4639 ί
822 4548 939 4641 πατρίς
967 4543 1070 4628 αὐτοῦ
1088 4553 1149 4626 τᾶς
1169 4539 1356 4626 Βυζαντίων
1376 4544 1502 4626 εὐνοίας
1521 4548 1600 4641 πρός
1621 4541 1625 4642 l
1646 4547 1703 4616 τόν
1723 4534 1827 4642 ἄνδρα
1845 4548 1901 4614 καί
1919 4555 2036 4641 τειμᾶς
2056 4549 2224 4629 αἴσθηται.

711 4721 763 4792 Ι)ο
781 4719 874 4791 tituli
895 4727 1009 4792 aetate
1028 4721 1112 4791 haec
1130 4720 1306 4791 verissime
1321 4720 1517 4793 Boeckhius
1536 4722 1667 4792 docuit:
1688 4721 1846 4792 «Ababus
1858 4719 2079 4793 Callisthenis
2096 4719 2121 4793 i.
2142 4718 2260 4792 floruit
2268 4721 2403 4793 Tiberio

605 4847 694 4935 Imp.
721 4845 767 4934 (n.
791 4843 1162 4937 2087[n0bis102]),
1191 4845 1249 4935 qui
1278 4845 1305 4916 si
1333 4853 1433 4935 pater
1454 4845 1608 4919 Orontae
1636 4852 1699 4936 est,
1728 4846 1851 4916 titulos
1869 4845 1999 4917 'liberii
2019 4845 2072 4915 vel
2094 4845 2271 4935 Caligulae
2297 4848 2404 4918 aetati

604 4968 808 5041 tribuendus
836 4977 901 5040 est.
930 4969 1018 5041 Esse
1038 4989 1119 5040 vero
1138 4970 1237 5040 illum
1266 4969 1366 5040 huius
1394 4978 1529 5060 patrem
1556 4992 1623 5041 non
1646 4970 1783 5041 uidetur
1802 4970 1954 5042 dubium.
1984 4968 2070 5040 Nam
2098 4971 2134 5039 in
2162 4977 2279 5042 nostro
2303 4971 2404 5042 titulo

605 5100 704 5185 pater
718 5093 820 5164 huius
836 5093 965 5165 dicitnr
983 5092 1081 5192 μέχρι
1099 5103 1160 5176 τᾶς
1179 5105 1246 5164 τῶν
1266 5089 1445 5190 Σεβαστῶν
1466 5094 1624 5192 γνώσεως
1643 5091 1829 5192 προκόψαςι
1849 5097 1917 5166 iam
1932 5093 2168 5166 veroAbebus
2183 5093 2403 5168 Callisthenis

605 5218 629 5289 f.
643 5220 798 5309 Augusto
818 5226 852 5290 et
868 5219 1008 5289 Tiberio
1028 5218 1156 5290 dicavit
1174 5224 1335 5310 stoam...,
1356 5221 1481 5310 quippe
1501 5221 1569 5292 illis
1588 5219 1633 5291 oh
1652 5220 1790 5310 aliquod
1808 5217 2011 5291 beneficium
2031 5220 2205 5291 addictus:
2225 5240 2311 5310 qnos
2330 5204 2403 5292 esse

605 5348 682 5426 τοὺς
701 5337 889 5439 Σοβαστοὺς
909 5343 1080 5414 innostro
1099 5342 1202 5415 titulo
1222 5351 1506 5416 commemoratos
1533 5345 1608 5435 quis
1632 5365 1698 5416 non
1718 5341 1900 5415 coniiciat?
1929 5341 2092 5415 Ceterum
2112 5349 2193 5414 nota
2212 5338 2402 5440 οτἊβαβος

606 5477 642 5542 et
658 5466 819 5566 Ὀρόντας
839 5468 977 5538 nomina
995 5488 1069 5539 esse
1089 5467 1264 5556 Syriaca».
1292 5469 1342 5540 At
1359 5490 1481 5560 parurn
1500 5469 1676 5561 probabile
1703 5468 1800 5540 nobis
1822 5469 1960 5540 videtur
1978 5468 2067 5557 quod
2094 5468 2183 5539 idern
2202 5469 2257 5539 vir
2275 5468 2401 5540 doctis·

606 5596 713 5665 simus
730 5593 851 5664 statuit
869 5592 1010 5663 titulum
1029 5591 1072 5664 ab
1089 5591 1319 5682 Olbiopolitis,
1340 5591 1463 5683 quibus
1482 5592 1659 5665 decretum
1677 5593 1816 5663 missum
1832 5595 1919 5682 erat,
1933 5588 2161 5680 publice-esse
2180 5592 2401 5680 inscriptum:

607 5716 698 5807 quod
716 5717 744 5787 si
762 5717 811 5786 ita
835 5737 871 5787 se
891 5717 1078 5808 habuisset,
1107 5717 1178 5787 sine
1207 5716 1312 5788 dubio
1335 5718 1410 5788 eius
1437 5719 1488 5787 rei
1513 5717 1642 5788 mentio
1669 5716 1786 5805 aliqua
1803 5715 1837 5785 in
1857 5716 1960 5786 titulo
1989 5721 2078 5786 esset
2105 5714 2232 5808 addita,
2263 5735 2349 5805 quae
2367 5736 2404 5788 re

606 5821 801 5912 vera'nulla
819 5847 887 5928 est;
915 5845 1098 5931 praeterea
1116 5840 1245 5912 nullam
1263 5843 1298 5914 in
1316 5843 1393 5932 ipso
1412 5841 1550 5914 decreto
1570 5842 1670 5913 uideo
1688 5841 1870 5929 rationem,
1889 5859 1952 5910 cur
1970 5836 2196 5930 Olbiopolitae
2215 5839 2250 5911 id
2268 5840 2404 5929 publice

606 5967 711 6060 lapidi
728 5967 943 6038 incidendum
962 5969 1159 6040 statuerint.
1190 5965 1320 6038 Contra
1340 5966 1523 6037 exstabant
1547 5968 1641 6038 tituli
1660 5963 1837 6036 honorarii
1855 5964 1898 6036 ab
1918 5965 2003 6053 ipsis
2022 5959 2238 6053 Olbiopolitis
2265 5962 2349 6036 facti
2368 5970 2403 6035 et
