5530 7512
291 1180 298 1198 Ι
405 1076 680 1155 leros-109.
1069 1057 1421 1154 ninarnosoman.
1635 1037 1638 1050 ’
2036 1084 2142 1174 Ι139

457 1294 585 1368 Exstat
607 1293 758 1368 Odessae
785 1296 820 1367 in
847 1316 963 1368 museo
991 1293 1182 1386 societatis,
1211 1313 1280 1383 quo
1307 1292 1419 1364 delata
1446 1297 1498 1364 est
1526 1293 1740 1384 stabulario
1768 1294 2000 1386 geographico
2028 1295 2145 1387 oppidi

352 1417 544 1512 Nicolajeu.
564 1419 746 1512 Exscripsi
764 1426 800 1493 et
819 1423 939 1494 charta
957 1420 1095 1492 madida
1114 1419 1277 1509 expressi.
1362 1465 1364 1470 -

653 1619 666 1670 1
816 1628 839 1670 x
858 1599 899 1675 W
918 1612 952 1672 a)
964 1598 1216 1672 ΝΑΤΙιΙΛΙι
1478 1593 1605 1689 [Γάι]ον
1623 1594 1813 1690 hetthaeo]

758 1722 1261 1798 ΒΜΟΙΝΟΝΙΟΥΛΙΆ
1480 1725 1622 1791 ,Μοινον
1642 1719 1764 1793 Ἰουλία

759 1846 1233 1924 ΘΕΟΔΩΡΑΤΟΝ
1480 1835 1714 1943 Θεοδὼρατὸν

758 1975 784 2044 Ε
805 1978 835 2046 Α
854 1974 883 2043 Υ
899 1974 986 2072 ΤΙΗ
1011 1972 1040 2042 Ε
1060 1974 1090 2043 Α
1111 1969 1194 2042 ΝΔ
1216 1967 1285 2042 ert
1481 1973 1603 2061 ἑαυτῆς
1622 1960 1757 2068 ἄνδρ[α]

650 2115 667 2167 5
968 2096 999 2169 Θ
1018 2096 1045 2165 Ε
1060 2096 1116 2167 Ol
1132 2095 1161 2165 Ε
1585 2099 1684 2175 θεοῖς.

459 2431 541 2504 Vor.
562 2429 636 2503 lect.
657 2431 701 2505 V.
727 2437 760 2503 1:
781 2432 1012 2506 ΟΝΑΤΕΙΑΙ
1035 2469 1086 2482 -
1107 2449 1138 2500 v.
1162 2432 1183 2500 2
1204 2427 1251 2500 in.
1271 2430 1353 2501 ΛΟΙ
1388 2468 1423 2481 -
1445 2449 1477 2500 v.
1490 2381 1522 2500 ἱ4
1541 2429 1589 2501 in.
1610 2434 1672 2503 ΑΥ
1689 2427 1851 2503 Koehler.
1871 2429 1993 2503 Eidem
2011 2431 2149 2504 litterae

222 2659 225 2672 Ι
351 2556 519 2630 sibilantis
536 2556 646 2630 forma
666 2563 721 2628 est
739 2559 783 2629 Σ.

457 2681 501 2776 V,
527 2687 543 2751 1
567 2681 657 2771 quod
681 2681 876 2754 Boeclrhius
904 2679 1117 2751 Koehlerum
1145 2682 1285 2749 secutus
1312 2673 1466 2749 restituit
1486 2673 1662 2774 [Μάρκ]ον,
1692 2678 1795 2768 spatii
1821 2681 2012 2753 rationibus
2039 2682 2150 2754 minus

351 2805 438 2877 bene
461 2806 636 2894 convenit;
657 2826 844 2896 cognomen
869 2804 960 2895 quod
982 2802 1100 2892 fuerit,
1120 2823 1162 2874 ne
1185 2804 1260 2892 ipse
1285 2801 1419 2891 quidem
1438 2801 1602 2892 indagare
1621 2803 1730 2892 potui.
1752 2801 1886 2876 Titulus
1906 2805 2076 2878 Romanae
2095 2814 2150 2878 est

352 2930 486 3018 aetatis,
505 2931 630 3001 utiam
649 2952 691 3001 ex
709 2931 794 3021 ipsis
813 2930 878 3001 viri
897 2935 933 2999 et
951 2928 1106 3000 mulieris
1124 2926 1319 3011 nominibus
1338 2924 1537 3014 conligitur.
2050 2940 2056 2954 ¹

458 3083 714 3150 nepenoaae.
729 3083 809 3138 101ia
823 3085 950 3152 Oeoaopa
964 3097 1067 3138 cnoero
1083 3097 1166 3151 myssa
1179 3081 1236 3136 Paa
1250 3079 1359 3133 Arnuia
1373 3077 1459 3134 Musa
1472 3079 1505 3149 ll)
1518 3095 1683 3135 acroamata
1697 3079 1815 3137 dorsus.

919 3413 950 3479 t.
979 3411 1065 3480 tituli
1084 3383 1203 3479 deorum
1222 3411 1410 3480 inuocatione·
1428 3410 1583 3479 amantea.

458 3591 547 3680 ldll.
576 3602 652 3674 Pila
675 3602 812 3692 integra
836 3601 1017 3672 marmoris
1042 3601 1123 3692 albi,
1152 3601 1224 3672 alta
1245 3601 1330 3690 las
1351 3623 1411 3693 m.,
1438 3603 1461 3673 l.
1482 3604 1585 3692 0,46,
1615 3619 1664 3671 or.
1686 3602 1788 3689 0,20.
1816 3599 1914 3672 Hanc
1937 3601 2084 3691 primum
2103 3601 2147 3674 ab
2239 3610 2240 3619 ’
2276 3567 2282 3586 ’

352 3725 450 3797 Adoe
468 3727 614 3815 quodam
624 3725 836 3828 Olbiopolita
854 3726 890 3797 in
908 3726 1107 3822 memoriam
1127 3724 1167 3797 T.
1183 3725 1297 3796 Flavii
1312 3726 1539 3798 Achaemenis
1556 3724 1748 3814 Bosporani
1766 3725 1911 3815 positam
1930 3723 2034 3798 fuisse
2053 3731 2150 3816 patet

351 3871 392 3921 ex
411 3849 542 3922 duobus
560 3850 681 3942 titulis,
701 3851 791 3943 pilae
809 3849 968 3942 partibus
986 3849 1120 3922 anticae
1139 3857 1174 3921 et
1192 3852 1343 3940 posticae
1361 3851 1547 3941 inscriptis,
1569 3869 1652 3940 quos
1668 3837 1702 3921 u.
1723 3843 1814 3921 inira
1831 3842 1867 3920 n⁰
1891 3852 1975 3922 115.
2002 3849 2148 3923 Centum

351 3971 425 4045 fere
453 3975 550 4045 annis
572 3982 651 4064 post
676 3975 796 4046 eadem
825 3975 980 4047 adhibita
1002 3983 1054 4046 est
1077 3995 1139 4065 pro
1162 3974 1234 4045 basi
1258 3979 1453 4047 statuarum
1474 3973 1673 4048 caracallae
1691 3979 1726 4044 et
1744 3972 1852 4046 Getae
1869 3975 1912 4046 ab
1934 3973 2151 4066 Olbiopolitis

351 4098 488 4187 publice
508 4096 719 4194 positarum3
739 4099 774 4170 id
793 4108 937 4191 apparet
956 4121 975 4170 e
994 4098 1126 4170 duabus
1146 4099 1427 4189 inscriptionibus
1445 4105 1590 4189 angusto
1609 4099 1699 4188 pilae
1717 4099 1819 4169 lateri
1838 4099 1965 4190 incisis,
1981 4120 2066 4188 quas
2082 4100 2148 4172 boc

351 4222 426 4294 loco
455 4225 598 4295 edimus
627 4222 759 4294 Harum
787 4223 926 4296 litterae
949 4223 1127 4316 profunde,
1157 4224 1216 4296 sed
1245 4245 1312 4296 non
1340 4227 1521 4297 admodum
1549 4223 1732 4313 diligenter
1756 4230 1926 4315 exaratae,
1955 4224 2046 4296 altae
2069 4231 2150 4298 sunt

353 4349 440 4439 0,03
461 4370 506 4420 m.
538 4348 730 4436 Foramina,
759 4371 846 4439 quae
875 4356 1066 4422 statuarum
1094 4349 1239 4440 pedihus
1267 4350 1372 4441 lapidi
1400 4347 1580 4438 infigendis
1598 4348 1844 4438 inserviebant,
1873 4349 2068 4420 etiamnunc
2090 4369 2148 4420 ex-

352 4481 461 4564 stant3
491 4497 530 4548 eo
547 4474 726 4566 toramine,
746 4478 781 4547 in
801 4498 868 4567 quo
887 4475 996 4550 (letae
1015 4499 1076 4568 pes
1095 4479 1235 4548 sinister
1254 4479 1388 4568 positus
1412 4483 1500 4569 erat,
1520 4477 1614 4547 laesa
1632 4481 1685 4546 est
1706 4497 1830 4566 magna
1849 4497 1891 4547 ex
1914 4483 2013 4567 parte
2032 4476 2150 4549 Adoae

350 4600 527 4691 inscriptio
546 4601 626 4672 huic
645 4600 746 4672 lateri
766 4602 887 4689 incisa,
908 4603 1029 4694 altera,
1050 4603 1094 4674 ad
1112 4609 1241 4674 terram
1261 4624 1438 4694 conversa,
1458 4605 1594 4692 integra
1612 4603 1748 4673 mansit.
1771 4601 1968 4674 Caracallae
1987 4607 2022 4674 et
2041 4599 2149 4674 Getae

232 4795 238 4804 ,
351 4724 470 4796 titulos
489 4727 644 4814 «primus
664 4724 771 4796 edidit
789 4725 1020 4796 Koehlerus
1039 4732 1107 4798 act.
1124 4727 1231 4798 Acad.
1251 4726 1387 4798 Monac.
1405 4732 1431 4797 t.
1444 4725 1494 4796 VI
1509 4725 1551 4796 cl.
1568 4726 1648 4796 hist.
1664 4731 1700 4796 et
1712 4724 1831 4814 philol.
1847 4746 1882 4815 p.
1903 4727 1974 4797 183
1990 4724 2054 4818 [=
2067 4724 2147 4798 Ges.

350 4846 527 4919 Schriften
545 4869 577 4919 v.
591 4847 642 4920 VI
662 4869 693 4938 p.
709 4848 814 4941 339],
835 4854 908 4918 tum
928 4849 1187 4939 Koeppenius
1205 4849 1391 4940 Nordgest.
1412 4871 1445 4942 p.
1463 4851 1511 4921 83
1532 4871 1566 4919 n.
1586 4853 1606 4920 9
1627 4855 1663 4920 et
1680 4849 1771 4920 idem
1790 4869 1908 4921 omnes
1924 4853 1996 4920 tres
2013 4851 2047 4921 in
2066 4871 2148 4922 aere

349 4978 587 5063 repraesentat
613 4972 685 5044 tab.
706 4973 740 5043 II
764 4971 822 5062 fig.¹
851 4976 909 5062 16,
939 4994 1027 5063 quae
1050 4975 1249 5064 apographa
1276 4974 1377 5066 paulo
1396 4974 1552 5046 acerbius
1571 4974 1794 5064 reprehendit
1812 4973 2038 5047 Koehlerus
2067 4975 2143 5046 adr.

349 5095 482 5187 Koapp.
502 5115 534 5187 p.
548 5099 595 5168 45
616 5095 680 5190 [τ-
693 5094 773 5168 Ges.
786 5095 885 5168 Sohr.
901 5118 934 5167 u.
949 5097 984 5168 ΙΙ
1000 5118 1034 5187 p.
1053 5099 1129 5192 36].
1149 5100 1371 5190 Koeppenius
1389 5121 1451 5172 sua
1469 5118 1552 5170 vera
1570 5119 1644 5170 esse
1663 5098 1840 5170 contendit
1850 5096 2021 5170 Naehhall
2038 5119 2071 5188 p.
2088 5101 2145 5169 15.

350 5219 421 5293 Nos
440 5241 482 5292 ex
500 5219 700 5311 Koeppenio
719 5221 874 5292 dedimus
892 5221 1087 5292 litterarum
1112 5221 1289 5297 formam».
1319 5223 1492 5314 Bocchh,
1524 5223 1562 5296 Ο.
1587 5224 1616 5294 Ι.
1637 5221 1698 5295 Gr.
1718 5223 1753 5292 ΙΙ
1781 5213 1816 5292 n⁰
1836 5224 1936 5293 2091
1959 5221 2030 5294 ab
2057 5222 2149 5315 (inde

250 5387 253 5392 -
350 5363 424 5434 rep.
443 5343 486 5415 B.
506 5343 673 5415 Koehne
691 5365 777 5417 mus.
799 5345 909 5435 princ.
929 5345 1129 5418 Koschubei
1148 5369 1181 5418 v.
1201 5346 1218 5417 Ι
1237 5369 1271 5438 p.
1293 5349 1368 5438 82).

359 5452 363 5462 ’
456 5465 563 5557 Lapis
586 5489 616 5538 a.
642 5468 883 5540 massulos
906 5467 1105 5559 Petrupolin
1133 5475 1332 5560 asportatus
1360 5470 1395 5541 in
1424 5470 1515 5542 scala
1541 5468 1766 5541 bibliothecae
1793 5467 1951 5558 publicae
1978 5469 2149 5558 repositus

352 5589 628 5682 est.'Exscripsi.

979 5776 982 5787 ’
1082 5693 1208 5763 (Tertiae
1224 5692 1285 5748 ude
1298 5710 1330 5764 p.
1349 5695 1421 5764 140.)

462 5875 587 5948 Varios
605 5873 760 5947 tectonas
779 5875 1024 5949 Koehlerianas
1044 5883 1080 5950 et
1094 5877 1368 5968 Koeppeniaoas,
1389 5879 1515 5969 quippe
1534 5897 1621 5967 quae
1640 5877 1848 5950 aBoechhio
1866 5876 2050 5967 diligenter
2066 5897 2147 5950 eno·

353 6005 445 6117 tatae
464 6003 543 6092 sint,
566 6000 702 6072 adferre
721 6002 992 6092 supersedemus.
1013 6003 1070 6074 Ab
1085 6003 1473 6093 exemplclloeclrhiano
1487 6002 1724 6092 apographum
1738 6007 1891 6073 nostrum
1905 6001 2000 6073 hisce
2012 5999 2144 6074 differt:

1887 6119 1935 6173 ra*
