5560 7516
627 1093 674 1160 so
1302 1120 1315 1145 ·
1459 1079 1585 1152 enan.
1799 1063 1804 1072 '
2248 1073 2365 1149 1111

623 1298 718 1373 Infra
735 1299 770 1372 in
789 1297 920 1390 quadro
939 1297 1073 1387 sculpto
1093 1295 1271 1368 decretum
1288 1293 1324 1363 in
1343 1292 1503 1366 Theoclis
1530 1293 1696 1366 honorem
1715 1294 1758 1367 ab
1778 1291 1995 1383 Olbiopolitis
2017 1289 2148 1363 factum
2167 1296 2346 1363 exaratum
2367 1297 2422 1364 est

621 1425 752 1497 litteris
771 1424 879 1495 multo
898 1421 1088 1493 maioribus
1106 1421 1168 1509 cis,
1197 1438 1284 1509 quae
1302 1423 1384 1489 sunt
1401 1439 1457 1492 vv.
1481 1422 1581 1490 1—4
1600 1419 1737 1510 (horum
1755 1417 1895 1489 litterae
1915 1422 1997 1489 sunt
2015 1417 2130 1508 0‚013
2150 1415 2251 1508 altae,
2270 1416 2421 1507 reliquo·

622 1571 698 1622 rum
718 1548 792 1621 fere
810 1550 926 1640 0,02).
956 1546 1132 1619 «Primum
1151 1543 1260 1617 edidit
1279 1542 1510 1615 Koehlerus
1527 1542 1564 1614 in
1581 1543 1854 1634 Morgensternii
1872 1540 2049 1632 periodico
2068 1559 2172 1630 opere
2191 1538 2422 1630 «Ddrptische

620 1674 817 1764 Beitrtgea,
847 1675 874 1745 t.
893 1672 940 1743 II.
969 1692 1004 1761 p.
1028 1671 1233 1742 333-347
1254 1666 1318 1760 [=
1339 1665 1501 1738 Kohler’s
1527 1687 1691 1757 gesamm.
1719 1665 1893 1740 Schriften
1920 1687 1954 1738 v.
1973 1663 2026 1737 VI
2044 1685 2078 1755 p.
2100 1664 2324 1760 232-237]
2343 1685 2422 1737 cum

621 1797 847 1871 translatione
875 1795 1073 1887 germanica
1101 1801 1137 1865 et
1164 1793 1296 1882 aliquot
1323 1790 1685 1867 animadversionibus.
1720 1791 1816 1864 Idem
1843 1790 1917 1864 fere
1945 1791 2138 1880 exemplum
2164 1789 2281 1863 nescio
2309 1810 2330 1862 a
2355 1810 2423 1881 quo

619 1922 856 1997 transmissum
886 1920 995 1992 edidit
1012 1918 1108 1991 Rad.
1130 1917 1355 1989 Rochettus
1374 1915 1472 1989 Antt.
1494 1917 1597 2007 Bosp.
1618 1917 1688 1988 tab.
1709 1916 1781 2010 XII
1804 1938 1882 1988 cum
1901 1915 2129 2007 explicatione
2145 1935 2180 2006 p.
2204 1917 2422 1989 len—203.

621 2047 839 2124 Varietatem
857 2045 1016 2118 lectionis
1039 2063 1082 2114 ex
1106 2044 1181 2132 ipso
1209 2040 1324 2131 lapide
1342 2063 1362 2112 a
1381 2063 1455 2114 sese
1475 2062 1506 2114 a.
1532 2045 1628 2115 1821
1650 2041 1999 2115 tractato-annotavit
2017 2041 2208 2132 Koeppen
2236 2040 2420 2132 Nordgest.

621 2173 654 2246 d.
675 2172 776 2245 Pont.
795 2191 829 2262 p.
853 2173 902 2241 74
921 2190 994 2260 sqq.
1023 2166 1200 2241 Nonnulla
1217 2165 1259 2238 de
1278 2167 1344 2239 hoc
1363 2166 1466 2238 titulo
1495 2169 1628 2239 monuit
1652 2167 1813 2257 deinceps
1836 2167 2065 2240 Koehlerus
2092 2165 2255 2239 aduersus
2271 2165 2423 2238 Rochet-
2544 2169 2547 2179 “

623 2305 697 2369 tum
724 2297 767 2368 de
794 2296 895 2367 Antt.
923 2293 1026 2384 Bosp.
1055 2313 1091 2384 p.
1115 2295 1320 2365 118-126
1353 2291 1418 2385 [=
1439 2291 1520 2365 Ges.
1550 2291 1723 2364 Schriften
1741 2315 1774 2364 v.
1793 2294 1812 2365 Ι
1829 2312 1863 2383 p.
1887 2292 2109 2386 ace-212]
2128 2291 2215 2364 etin
2232 2291 2360 2364 iudicio
2381 2290 2423 2363 de

620 2421 811 2513 Koeppenii
830 2418 948 2490 libello
968 2438 1001 2510 p.
1029 2420 1181 2490 37-40
1208 2415 1274 2510 [z
1298 2413 1378 2488 Ges.
1400 2417 1497 2489 Schr.
1519 2439 1552 2490 v.
1574 2417 1609 2490 II
1628 2437 1662 2507 p.
1683 2416 1864 2510 30-32].
1885 2415 1980 2488 Idem
2000 2416 2085 2487 mihi
2104 2415 2422 2488 commentationem

621 2546 824 2636 impressam
853 2544 889 2614 in
916 2542 1019 2632 libro,
1048 2543 1146 2613 cuius
1174 2541 1279 2612 index
1311 2540 1452 2633 Serapis
1486 2541 1551 2634 [=
1573 2541 1656 2616 Ges.
1684 2541 1782 2615 Schr.
1811 2563 1845 2615 r.
1874 2541 1918 2634 1],
1947 2560 1981 2631 p.
2012 2543 2166 2614 44-49
2199 2540 2422 2613 transmisit».

622 2668 795 2759 Boeckh‚
817 2667 856 2742 0.
876 2668 905 2739 I.
927 2666 987 2740 Gr.
1007 2667 1040 2738 ΙΙ
1059 2657 1095 2736 n⁰
1114 2668 1229 2738 2059.

677 2869 680 2876 ,
728 2792 835 2885 Lapis
853 2814 884 2864 a.
909 2793 1008 2864 1880
1028 2789 1152 2863 Stolna
1170 2813 1213 2862 ex
1236 2789 1379 2862 aedibus
1400 2789 1538 2861 comitis
1547 2788 1999 2863 Kuschelevi-Besborodko
2017 2787 2218 2882 Petropolin
2236 2789 2426 2864 translatus

622 2918 711 2990 etin
730 2917 824 2990 scala
842 2915 1070 2989 bibliothecae
1087 2916 1247 3007 publicae
1265 2913 1399 3007 positus
1418 2921 1480 2986 est.
1502 2913 1693 3006 Exscripsi.

1363 3137 1496 3207 (Tectam
1513 3137 1575 3194 oide
1588 3153 1620 3208 p.
1634 3137 1686 3207 57),

729 3340 817 3415 Oum
835 3339 1031 3413 Boeckhins
1048 3339 1203 3431 priorum
1223 3339 1394 3412 editorum
1414 3340 1528 3412 varias
1554 3338 1721 3412 lectiones
1738 3339 1998 3413 accuratissime
2017 3343 2264 3429 enumerasset,
2290 3338 2348 3410 hio
2366 3357 2425 3410 eas

622 3488 689 3539 non
717 3488 793 3539 esse
820 3466 1024 3558 repetendas
1051 3464 1213 3536 duximus
1243 3484 1352 3555 eaque
1380 3463 1452 3536 sola
1478 3464 1705 3556 enotabimus,
1734 3464 1920 3554 inquibus
1946 3463 2181 3554 apographum
2209 3467 2362 3535 nostrum
2381 3461 2425 3534 ab

622 3592 779 3683 exemplo
788 3589 1009 3663 Boeckhiano
1028 3587 1154 3661 differt.
1175 3585 1219 3661 V.
1236 3589 1269 3660 l:
1292 3591 1617 3664 ΕΕΤΕΦΑΝΩΕ.
1631 3645 1638 3660 .
1653 3646 1661 3661 .
1674 3644 1682 3661 .
1697 3645 1705 3661 .
1719 3643 1727 3660 .
1739 3591 1845 3664 ΛΕΑ.
1866 3587 2037 3662 Foliolum
2056 3588 2147 3680 quod
2164 3591 2200 3660 in
2219 3585 2285 3659 fine
2303 3608 2425 3660 versus

620 3721 743 3805 exstat,
764 3716 927 3787 omissum
947 3712 1154 3787 erat—V.
1176 3719 1215 3786 2:
1236 3717 1396 3789 ΠΑΝΟΙ
1413 3753 1465 3768 -
1479 3735 1511 3787 v.
1536 3717 1574 3786 3:
1596 3715 2043 3790 ΝΕΙΚΟΜΗΔΕΙΕ-ν,
2065 3717 2106 3785 4:
2126 3714 2421 3788 ΑΜΑΕΕΙΑΝΟΙ

626 3843 838 3916 naam.
852 3898 859 3913 .
874 3841 1063 3913 sot-v.
1082 3843 1116 3910 7:
1137 3842 1578 3914 aurtonmrot-v.
1596 3843 1635 3912 s:
1657 3841 1769 3912 erret
1783 3837 2210 3930 testenoeppenio.-V.
2229 3840 2264 3911 9:
2287 3839 2360 3911 κΑι
2374 3815 2425 3892 -’-

621 3987 653 4037 v.
669 3971 729 4039 10:
750 3965 940 4056 ΜΕΝΩΕ,
960 3971 1048 4037 extr.
1069 3967 1127 4039 ΑΡ
1142 4005 1194 4018 -
1209 3986 1241 4037 v.
1257 3968 1301 4035 11
1319 3971 1408 4037 extr.
1428 3963 1582 4036 foliolum
1603 3965 1765 4036 omissum
1784 3970 1872 4035 erat.
1893 4003 1945 4016 -
1964 3959 2009 4035 V.
2033 3966 2096 4035 12:
2120 3964 2422 4038 ΚΑΙΗΚΟΛΟΥ-

623 4091 788 4167 ΘΗΕΕΝ
810 4110 887 4162 cum
906 4094 1004 4161 nota:
1033 4089 1211 4161 «ultimum
1234 4091 1265 4161 Η
1286 4109 1393 4180 snpra
1415 4089 1635 4160 interlineas
1659 4087 1833 4161 adiectum
1852 4095 1939 4160 est».
1962 4128 2007 4140 —
2030 4086 2073 4160 V.
2099 4090 2158 4160 13:
2180 4088 2316 4162 ΚΑΠΟ
2337 4085 2424 4180 (κα[1

620 4214 677 4307 τ]ὸ
704 4215 740 4284 in
768 4213 1059 4304 transcriptione).
1087 4255 1134 4266 --
1156 4213 1200 4286 V.
1225 4218 1289 4286 14:
1319 4214 1629 4287 ΔΙΕΔΕΙΞΑΤΟ
1647 4253 1699 4266 -
1718 4234 1750 4284 u.
1775 4215 1821 4284 18
1850 4213 1925 4284 init.
1953 4214 2029 4287 ΕΑΙ
2050 4252 2100 4265 -
2119 4234 2153 4286 v.
2185 4215 2246 4284 21:
2278 4213 2425 4286 ΚΑΤΑ-

623 4340 1179 4414 ΣΚΕΥΑΙΕΕΝΕΚΟΠΙΑΕΕΝ
1204 4340 1250 4430 (Σ
1277 4344 1367 4410 11111
1397 4337 1623 4430 Koeppeuio).
1646 4379 1691 4390 —
1714 4335 1777 4408 «V.
1804 4339 1851 4409 23
1878 4342 1964 4410 extr.
1987 4341 2017 4408 Ν
2037 4359 2059 4410 1
2077 4336 2199 4409 Koehl.
2230 4337 2425 4427 suppletum

623 4464 662 4536 nt
690 4464 726 4534 in
754 4464 869 4554 lapide
897 4465 1052 4554 agnoscit
1079 4463 1187 4536 Rech.
1214 4463 1359 4554 (Koepp.
1388 4484 1458 4534 non
1486 4463 1662 4534 annotavit
1691 4461 1949 4554 contrarium)».
1980 4462 2021 4535 B.
2049 4462 2089 4534 In
2117 4451 2230 4552 lapide
2255 4464 2285 4534 Ν
2308 4461 2426 4534 littera

623 4590 808 4680 separatim
827 4609 1003 4678 nunquam
1021 4589 1153 4679 scripta
1171 4587 1248 4678 fuit,
1269 4587 1331 4660 sed
1348 4586 1499 4660 fortasse
1518 4589 1664 4678 intrat)
1684 4588 1849 4660 litteram.
1869 4628 1921 4641 -
1940 4585 1985 4663 V.
2008 4591 2073 4660 28:
2093 4589 2216 4662 ΠΟΛΙ
2238 4627 2290 4640 -
2308 4584 2353 4658 V.
2376 4591 2422 4659 29

622 4720 711 4787 extr.
732 4717 863 4788 ΥΙΟΙΕ
882 4715 979 4806 quasi
998 4715 1120 4785 vitium
1138 4711 1371 4802 quadratarii3
1392 4719 1429 4784 at
1446 4714 1482 4783 in
1501 4712 1615 4804 lapide
1633 4717 1687 4784 est
1705 4714 1831 4786 ΥΙΟΕ.
1852 4753 1904 4763 -
1923 4711 1967 4784 V.
1992 4715 2053 4784 31:
2084 4713 2354 4786 ΒΑΕΚΑΙΝΟΥ
2372 4751 2425 4763 -

624 4861 657 4910 v.
679 4841 745 4911 35:
766 4841 927 4913 ΞΕΝΟΙ.
948 4838 1116 4928 Lapicida
1134 4837 1167 4908 Σ
1186 4857 1248 4927 pro
1267 4836 1435 4909 Eritiose
1455 4834 1738 4909 exaravit—V.
1757 4839 1818 4908 39:
1838 4837 2053 4910 ΠΟΛΕΙ-
2066 4857 2098 4909 v.
2121 4839 2183 4908 42:
2206 4835 2425 4929 ΕΤΗΛΗΝ,

625 4967 714 5034 extr.
730 4965 837 5040 ΤΗΕ
853 5003 901 5016 -
917 4985 951 5033 v.
972 4965 1019 5032 43
1042 4967 1131 5033 extr.
1157 4959 1541 5035 ΓΡΟΕΑΝΔΡΕΙΑΝ..
1567 4967 1656 5032 teste
1670 4959 1881 5052 Koeppeuio,
1901 4961 1961 5050 qui
1979 4961 2136 5033 lacunam
2155 4960 2192 5030 in
2210 4959 2276 5032 fine
2296 4959 2426 5033 diserte
2467 4986 2476 4994 ·

622 5088 767 5160 notavit.
797 5085 1017 5160 Eichenfeldt
1036 5106 1089 5174 ap.
1113 5085 1244 5176 Koepp.
1265 5105 1298 5175 p.
1321 5088 1376 5159 74.
1390 5106 1424 5155 n.
1447 5089 1468 5156 2
1489 5091 1584 5158 recte
1604 5085 1753 5158 coniecit
1769 5086 1806 5155 in
1825 5084 1950 5157 lacuna
1968 5087 2029 5181 μὲν
2047 5084 2254 5174 particulam
2271 5085 2424 5175 periisse.

623 5211 820 5284 Boeckhins
837 5194 874 5283 in
892 5209 1161 5298 transcriptione
1179 5231 1216 5281 cs
1235 5209 1417 5301 supplevit.
1435 5249 1491 5274 -.
1502 5208 1547 5281 V.
1569 5213 1635 5281 44:
1655 5210 2064 5285 ΠΡΟΕΠΟΛΕΙΤΑΕ.
2085 5209 2125 5280 In
2143 5208 2257 5299 lapide
2278 5211 2305 5280 Ε
2322 5208 2424 5282 vitio·

623 5356 699 5407 sum
728 5335 960 5407 certissimum
989 5338 1053 5404 est.
1074 5373 1126 5386 -
1146 5331 1191 5406 V.
1211 5336 1274 5405 45:
1305 5335 1393 5407 ΕΙΕ.
1424 5334 1464 5405 ln
1493 5335 1597 5404 variis
1624 5334 1705 5405 lect.
1733 5335 1866 5406 monuit
1889 5333 2083 5406 Boeckhins
2109 5331 2321 5406 Koehlerum
2345 5335 2427 5408 ΗΙΕ

620 5460 761 5550 legisse,
789 5457 881 5548 quod
908 5477 947 5528 re
975 5477 1057 5529 vera
1085 5457 1120 5528 in
1148 5458 1262 5548 lapide
1290 5466 1416 5530 exstat.
1446 5456 1546 5530 Extr.
1574 5457 1639 5529 ss
1667 5463 1757 5529 teste
1784 5456 1994 5548 Koeppeuio.
2024 5458 2064 5528 ln
2090 5457 2206 5547 lapide
2232 5456 2371 5530 litterae
2390 5460 2427 5530 T

622 5582 751 5656 lineola
774 5582 933 5672 superior
955 5581 1090 5672 longius
1108 5583 1277 5674 producta
1295 5589 1359 5675 est,
1388 5589 1429 5656 ut
1447 5583 1544 5673 quasi
1571 5582 1711 5654 litterae
1729 5584 1804 5656 ΠΗ
1823 5583 1914 5654 inter
1937 5603 1974 5652 se
2001 5583 2129 5672 ligatae
2153 5581 2424 5656 exstiterint.-

622 5707 678 5780 Ex
698 5707 759 5797 eis,
780 5726 867 5796 quae
887 5706 1103 5801 adduximus,
1123 5709 1225 5780 simul
1244 5709 1439 5780 litterarum
1457 5707 1587 5781 formae
1603 5713 1784 5799 apparent,
1805 5705 1930 5797 quibus
1939 5704 2135 5778 Boeckhins
2152 5707 2293 5780 titulum
2312 5706 2426 5798 expri-

620 5828 783 5903 mendum
801 5832 936 5904 curavit
954 5852 996 5904 ex
1014 5831 1082 5904 tide
1101 5832 1294 5924 Koeppenii
1312 5832 1498 5924 Nordgest.
1519 5833 1553 5905 d.
1574 5832 1677 5906 Pont.
1696 5851 1730 5922 p.
1753 5833 1802 5903 76
1823 5837 1859 5904 11
1875 5830 1948 5908 tao.
1968 5830 2004 5904 II
2023 5830 2081 5921 fig.
2107 5833 2167 5904 17.
