5530 7512
1048 1055 1174 1128 Tmuur
1192 1075 1434 1128 nunrcauoarr.
2067 1057 2139 1128 133

353 1292 393 1343 eo
412 1270 575 1343 facillime
592 1275 709 1362 potest
726 1270 903 1361 explicari,
934 1268 1026 1360 quod
1044 1267 1282 1341 Cleombrotus
1301 1289 1368 1339 non
1387 1288 1455 1339 uuo
1474 1268 1661 1359 eodemque
1689 1289 1776 1340 anno
1805 1273 1991 1360 utrumque
2009 1274 2145 1342 exstru-

348 1397 451 1488 uerit,
459 1394 651 1467 aedificium
669 1403 761 1486 (nam
780 1393 943 1466 Herculis
961 1395 1087 1466 turrim
1115 1394 1208 1467 aliud
1228 1414 1302 1464 esse
1321 1413 1422 1484 quarn
1443 1393 1571 1484 pyloua
1588 1414 1655 1464 non
1674 1397 1726 1466 est
1745 1394 1835 1483 qnod
1853 1413 2025 1482 moucam3
2054 1418 2144 1492 σχοι-

350 1522 439 1592 νιαία
458 1521 541 1611 quid
560 1522 616 1610 sit,
636 1542 668 1591 v.
690 1519 733 1590 ad
752 1511 787 1590 n⁰
801 1523 873 1610 16),
894 1520 953 1591 sed
972 1519 1130 1590 similiter
1149 1523 1252 1608 atque
1263 1518 1476 1608 Protogenes
1495 1519 1714 1609 perlongum
1733 1538 1898 1590 annorum
1918 1518 2042 1589 seriem
2060 1518 2147 1589 bene

244 1677 247 1682 ·
353 1646 395 1718 de
413 1647 528 1735 petria
547 1645 692 1716 meritus
711 1645 766 1736 sit,
787 1645 836 1716 ita
854 1649 895 1715 ut
912 1645 967 1715 tit.
990 1645 1037 1715 99
1058 1644 1102 1716 ed
1120 1642 1242 1715 ultima
1261 1643 1389 1716 saeculi
1407 1642 1459 1715 IV
1478 1643 1643 1716 decennia
1660 1644 1768 1735 possit
1785 1641 1921 1733 referri,
1942 1643 1996 1714 tit.
2012 1646 2084 1716 100
2105 1644 2147 1715 ad

350 1769 461 1860 prima
485 1769 650 1841 decennia
673 1769 801 1841 saeculi
824 1770 932 1841 tertii.
964 1769 1219 1860 Protogenieno
1238 1769 1468 1860 antiquiorem
1497 1790 1573 1839 enm
1598 1757 1671 1840 esse
1689 1768 1745 1839 vel
1768 1769 1845 1840 inde
1868 1772 1976 1861 patet,
2005 1766 2095 1858 quod
2112 1767 2147 1838 iu

280 1945 282 1952 >
351 1893 409 1965 illo
429 1893 555 1966 diserte
574 1894 705 1965 dietum
724 1894 916 1966 invenimus
935 1895 1141 1985 Protogenis
1160 1900 1272 1967 aetate
1296 1915 1397 1965 unam
1429 1898 1561 1965 tanturn
1583 1893 1766 1992 σχοινιαίαν
1785 1893 1933 1965 noudum
1962 1890 2066 1963 fuisse
2090 1913 2148 1964 ex-

349 2025 517 2092 structam
536 2019 591 2110 (B.
612 2041 643 2090 v.
668 2022 714 2092 57
735 2020 813 2111 sq),
843 2041 945 2110 quam
964 2019 1177 2110 Protogenes
1204 2022 1276 2109 ipse
1302 2019 1478 2090 curaverit
1501 2018 1750 2090 exstruendam.
1783 2017 1879 2107 Quae
1898 2039 1974 2089 eum
1998 2019 2047 2088 ita
2065 2017 2145 2105 siut,

350 2144 495 2215 multum
515 2142 632 2215 favent
650 2145 742 2215 tituli
753 2142 1019 2216 Cleombrotiani
1032 2144 1214 2216 Schmidtii
1233 2147 1436 2232 sententiae,
1459 2164 1560 2234 aquo
1575 2145 1715 2215 titulum
1726 2145 2016 2233 Protogeniauum
2037 2141 2079 2212 ad
2094 2139 2148 2212 ΙΙΙ

350 2290 382 2340 a.
403 2267 485 2341 Chr.
505 2269 676 2340 saeculum
697 2269 844 2339 relatum
864 2290 938 2340 esse
957 2269 1105 2340 vidimus
1117 2268 1154 2362 ¹).
1182 2269 1274 2341 Talis
1292 2270 1456 2358 temporis
1473 2269 1564 2339 ratio
1592 2270 1683 2339 inter
1702 2269 1764 2340 hos
1781 2267 1902 2339 titulos
1930 2265 2148 2338 intercedere

353 2391 545 2486 videbatur,
557 2414 633 2465 eum
649 2394 792 2465 accessit
802 2395 856 2465 tit.
875 2399 946 2464 114
959 2395 1156 2483 nuperrime
1171 2393 1471 2464 eBuratschkovio
1486 2415 1518 2464 v.
1536 2392 1577 2464 cl.
1596 2394 1678 2464 mihi
1693 2393 1925 2464 transmissus.
1946 2391 2013 2464 Est
2022 2391 2148 2463 civium

354 2515 688 2607 Olbiopolitanorum
698 2518 876 2608 catalogus
886 2519 1000 2590 neseio
1010 2539 1077 2608 qua
1088 2521 1219 2590 ratione
1231 2520 1450 2608 compositus,
1462 2519 1496 2587 in
1507 2538 1573 2607 quo
1584 2519 1648 2588 col.
1661 2518 1720 2589 lv.
1733 2521 1781 2588 26
1794 2517 1904 2588 denuo
1913 2510 2150 2613 Κλεόμβροτος

351 2639 591 2725 Παντακλέους
619 2643 770 2714 occurrit
788 2644 840 2734 (ac
859 2642 922 2714 col.
943 2643 978 2714 Il
996 2663 1028 2714 v.
1052 2647 1099 2714 32
1130 2641 1278 2714 fortasse
1298 2638 1505 2735 Παντακλῆς
1527 2638 1799 2740 Κῇεομβρότου]
1828 2641 2092 2729 restituendum)
2112 2645 2149 2711 et

355 2766 419 2838 col.
440 2767 455 2838 I
475 2787 507 2838 v.
530 2771 577 2838 49
598 2765 751 2864 Ἥροσῶν
763 2765 1013 2866 Πρωτογένους.
1036 2767 1295 2841 Cleombrotum
1315 2767 1406 2838 hunc
1426 2789 1494 2838 non
1514 2769 1686 2839 diversum
1706 2788 1780 2838 esse
1798 2767 1842 2837 ab
1862 2787 1914 2858 eo,
1935 2766 2148 2856 quiritatio

352 2897 388 2960 et
410 2894 482 2962 100
501 2893 629 2982 posuit,
658 2899 693 2962 et
711 2889 939 2964 Herosontem
964 2893 1168 2984 Protogenis
1187 2893 1281 2963 illius
1299 2899 1433 2982 patrem
1454 2891 1564 2964 facilis
1584 2897 1637 2963 est
1657 2891 1866 2982 coniectura,
1887 2891 1941 2963 eui
1960 2891 1995 2961 id
2014 2909 2149 2981 quoque

353 3013 458 3108 iavet,
479 3016 568 3104 quod
589 3015 842 3088 Cleombrotum
863 3022 942 3088 aute
961 3017 1191 3108 Protogenem
1211 3016 1337 3088 vixisse
1356 3037 1461 3106 supra
1478 3017 1636 3088 vidimus.
1658 3016 1846 3089 Praeterea
1863 3017 1922 3106 qui
1939 3015 1974 3086 in
1993 3015 2148 3103 catalogo

352 3138 415 3210 eol.
437 3139 471 3210 Il
490 3161 522 3210 v.
545 3144 592 3211 27
613 3142 799 3230 inscriptus
824 3148 876 3212 est
896 3140 1084 3230 Dionysius
1104 3145 1257 3231 Agrotae
1276 3138 1300 3212 f.
1322 3140 1464 3212 fortasse
1494 3162 1560 3213 non
1588 3142 1744 3212 diversus
1769 3148 1821 3212 est
1842 3140 1961 3211 abillo
1980 3137 2150 3228 Apollinis

306 3355 311 3366 .
353 3263 530 3352 Delphinii
549 3266 740 3355 sacerdote,
771 3265 868 3336 euius
886 3270 1021 3337 statuae
1041 3266 1084 3337 ab
1105 3267 1239 3356 Agrota
1257 3272 1292 3337 et
1310 3266 1457 3337 Posideo
1485 3264 1565 3336 filiis
1589 3267 1720 3354 positae
1738 3265 1831 3335 basis
1849 3265 1891 3336 ad
1910 3284 1973 3335 uos
1992 3263 2151 3353 pervenit

354 3407 432 3458 cum
451 3389 674 3478 inscriptione
693 3380 729 3460 n⁰
750 3392 842 3478 1063
871 3390 973 3460 huius
992 3410 1128 3480 quoque
1146 3390 1341 3462 litteratura
1360 3411 1400 3460 ee
1419 3398 1482 3481 est,
1504 3411 1606 3480 quam
1626 3391 1730 3460 tertio
1749 3390 1895 3460 maxime
1915 3409 1945 3460 a.
1967 3387 2051 3460 Chr.
2073 3407 2145 3458 sae·

355 3512 433 3584 culo
452 3512 637 3585 adscribas.
667 3513 824 3603 Denique
852 3514 916 3586 eol.
937 3514 973 3586 Il
992 3535 1025 3586 v.
1047 3518 1091 3585 31
1115 3515 1342 3605 probabiliter
1369 3520 1484 3604 potest
1511 3515 1649 3586 restitui
1674 3508 1869 3611 Εὺρηοίβιος
1889 3511 2150 3610 Δη[μητρίου]α

355 3633 410 3707 tit.
435 3639 521 3727 105,
551 3637 609 3728 qui
628 3638 710 3708 item
729 3639 864 3709 saeculo
884 3638 939 3709 ΙΙΙ
958 3660 1025 3709 non
1043 3641 1225 3712 recentior.
1255 3641 1327 3710 lam
1350 3639 1459 3729 igitur
1478 3639 1619 3712 dubium
1650 3659 1717 3709 non
1746 3642 1849 3727 esset,
1878 3637 1959 3726 quin
1978 3636 2013 3707 hi
2032 3653 2160 3707 omnes·

355 3761 420 3831 viri
438 3759 597 3850 aequales
616 3761 707 3832 iuter
726 3781 763 3832 se
781 3759 939 3853 fuissent,
957 3763 1020 3833 nisi
1035 3763 1173 3834 obstare
1189 3764 1364 3835 videretur
1380 3762 1529 3851 catalogi
1545 3762 1755 3836 litteratura:
1775 3762 1970 3832 litterarum
1985 3760 2074 3831 enim
2089 3760 2150 3830 ali·

357 3892 442 3975 quot
460 3884 590 3955 formae
610 3885 671 3974 eis,
691 3907 778 3975 quae
793 3887 1089 3976 iuProtogeniano
1108 3888 1209 3959 titulo
1228 3895 1435 3977 comparent,
1457 3887 1565 3958 multo
1585 3887 1745 3957 videntur
1763 3887 1973 3956 recentiores
1991 3884 2152 3975 (maxime

233 4097 240 4120 ⁹
355 4009 502 4084 ΑΕΘΜ
513 4009 626 4101 Πω),
641 4016 821 4100 totumque
835 4013 1053 4084 litteraturae
1068 4013 1223 4083 habitum
1243 4011 1272 4082 si
1292 4033 1367 4083 curn
1388 4013 1437 4082 eis
1456 4013 1781 4101 comparaverimus,
1797 4031 1884 4100 quae
1900 4009 1942 4080 de
1957 4009 2150 4097 scripturae

355 4134 603 4206 mutationibus
631 4135 766 4206 aliunde
790 4143 870 4207 suut
893 4145 986 4228 nota,
1015 4135 1114 4208 facile
1134 4157 1174 4208 eo
1194 4135 1417 4226 adducemur,
1448 4142 1487 4206 ut
1509 4137 1701 4224 catalogum
1721 4136 1857 4206 sacculo
1877 4134 1912 4204 ll
1929 4155 1961 4206 a.
1983 4130 2064 4205 Chr.
2085 4153 2150 4202 non

356 4258 586 4348 antiquiorem
605 4266 764 4347 putemus
783 4261 1024 4349 (recentiorem
1053 4282 1132 4332 eum
1160 4282 1226 4332 non
1256 4281 1329 4332 esse
1353 4260 1408 4332 vel
1432 4261 1511 4332 inde
1538 4265 1647 4350 patet,
1677 4260 1768 4350 quod
1796 4260 1829 4328 in
1857 4265 1954 4329 tanto
1977 4257 2151 4329 nominum

284 4383 286 4386 ’
356 4384 574 4473 propriorum
592 4404 735 4456 nurnero
756 4385 887 4456 nullum
908 4392 960 4456 est
980 4386 1070 4475 quod
1090 4387 1159 4456 diei
1179 4387 1288 4476 possit
1307 4386 1516 4476 barbarum).
1537 4383 1633 4473 Quae
1653 4404 1730 4456 eum
1750 4385 1799 4454 ita
1817 4385 1897 4473 sint,
1917 4383 2044 4454 dixerit
2057 4382 2151 4472 quis-

355 4509 447 4597 piam
475 4508 669 4597 catalogum
697 4509 808 4580 titulis
836 4531 920 4600 quos
949 4509 1173 4581 indicavimus
1193 4531 1267 4582 esse
1290 4511 1530 4602 recentiorem,
1561 4509 1812 4599 inscriptosque
1829 4508 1864 4578 in
1884 4527 1924 4578 eo
1943 4527 2017 4577 esse
2036 4505 2151 4595 potius

357 4631 571 4704 Cleombroti
598 4631 704 4704 filium
733 4641 768 4705 et
791 4647 962 4725 nepotem,
982 4619 1187 4724 Protogenis
1205 4633 1325 4723 filium,
1342 4633 1503 4724 Dionysii
1523 4634 1710 4704 sacerdotis
1729 4637 1766 4703 et
1783 4629 1979 4704 Heuresibii
1998 4634 2149 4720 nepotes.

358 4757 426 4828 Sed
445 4759 593 4847 primum
612 4758 724 4829 minus
742 4758 919 4847 probabile
938 4765 1052 4848 potest
1072 4760 1181 4830 videri
1200 4758 1357 4830 omnibus
1377 4759 1430 4830 his
1449 4759 1533 4829 viris
1552 4766 1695 4847 nepotes
1712 4757 1931 4846 cognomines
1949 4753 2071 4842 fuisse3
2091 4753 2150 4826 de·

240 4923 242 4928 1
358 4881 440 4953 inde
457 4902 523 4953 non
544 4888 597 4953 est
615 4882 865 4972 neglegendum
885 4882 1006 4955 Olbiae
1033 4884 1154 4955 titulos
1183 4885 1307 4954 aetatis
1335 4883 1540 4973 antiquioris
1567 4890 1637 4953 tam
1656 4902 1783 4973 paucos
1802 4880 1845 4952 ad
1863 4901 1924 4951 nos
1942 4879 2151 4970 pervenisse,

357 5010 397 5076 ut
415 5006 488 5077 sola
505 5005 704 5077 litteratura
731 5007 802 5077 nixi
830 5007 916 5078 certi
939 5006 1068 5097 aliquid
1092 5008 1133 5078 de
1154 5007 1419 5096 uniuscuiusque
1448 5007 1542 5078 tituli
1568 5013 1681 5078 aetate
1709 5010 1862 5077 statuere
1889 5005 1946 5075 vix
1969 5003 2149 5094 possimus

356 5126 426 5200 Vix
443 5130 627 5219 quidquam
656 5130 765 5220 igitur
783 5131 951 5219 impedire
979 5136 1064 5222 puto
1084 5132 1267 5221 quominus
1293 5138 1455 5221 putemus
1478 5130 1674 5201 litterarum
1699 5130 1824 5201 formas
1851 5130 1949 5218 talea,
1980 5126 2097 5218 quales
2116 5127 2151 5197 in

357 5254 413 5328 tit.
437 5259 512 5326 114
532 5264 768 5345 compareant,
798 5255 915 5327 eodem
945 5260 1101 5344 tempore
1129 5254 1235 5326 fuisse
1259 5239 1299 5325 'iu
1328 5276 1404 5345 usu,
1433 5276 1499 5345 quo
1527 5256 1630 5326 etiam
1659 5256 1747 5326 aliae
1775 5252 2037 5343 adhibebantur,
2065 5269 2151 5340 quas

359 5379 494 5450 omnino
512 5380 678 5451 habemus
703 5380 925 5468 antiquiores.
954 5378 1139 5470 Utcunque
1163 5386 1228 5471 est,
1257 5379 1438 5452 admodum
1468 5380 1666 5469 optandum,
1688 5387 1726 5451 ut
1745 5380 1893 5450 certiora
1919 5378 1997 5448 olim
2027 5375 2153 5447 indicia

356 5504 588 5595 inveniantur,
609 5525 696 5596 quae
716 5505 817 5576 huius
836 5504 1014 5577 titulorum
1033 5507 1111 5594 plus
1131 5526 1196 5576 uno
1215 5505 1350 5576 nomine
1375 5504 1646 5576 memorabilium
1671 5504 1771 5576 seriei
1789 5509 1936 5576 aetatem
1957 5500 2151 5574 accuratius

358 5627 637 5701 sinant'definiri.

415 5941 439 6010 1)
457 5941 532 6006 Haec
555 5940 582 5994 in
601 5941 675 5994 tituli
695 5927 890 6009 Protogeniani
914 5942 1106 5997 commentario
1125 5958 1234 5996 monere
1249 5957 1303 5996 nou
1319 5943 1406 6010 potui,
1427 5940 1553 6009 quoniam
1572 5939 1668 5994 titulos
1686 5943 1735 5994 100
1750 5945 1777 5993 et
1795 5943 1842 5994 114
1857 5937 1974 6006 cognovi
1988 5935 2076 5991 multo
2090 5940 2152 6002 post

360 6046 439 6099 quam
453 6030 671 6098 Protogeniauus
684 6030 758 6098 typis
772 6034 833 6084 erat
847 6031 1010 6098 exscriptus.
