5530 7512
402 1090 439 1167 lb
457 1099 625 1170 84-85,
775 1079 778 1086 ’
1050 1093 1177 1165 ibrum
1193 1114 1434 1167 uuuroarosrr.
1490 1203 1493 1210 γ
2073 1101 2144 1171 121

456 1308 537 1383 Ver.
558 1309 631 1384 leot.
652 1308 901 1398 Quadratarius
920 1316 1064 1401 propter
1082 1309 1335 1402 neglegentiam
1351 1312 1483 1402 aliquot
1496 1313 1695 1386 litterarum
1709 1312 1835 1386 ductus
1853 1313 1927 1404 ipse
1945 1313 2073 1406 omisit,
2092 1334 2147 1387 ex.

349 1454 450 1507 causa
467 1457 523 1508 rr.
548 1439 649 1506 1-4
668 1456 730 1525 pro
750 1441 780 1508 A
799 1437 968 1526 quinques
987 1439 1030 1527 Λ,
1059 1456 1123 1524 pro
1143 1439 1170 1506 Ε
1189 1457 1221 1506 r.
1245 1441 1266 1506 2
1290 1438 1467 1510 [incidit.
1489 1439 1727 1526 Jurgeviozius
1756 1459 1834 1510 cum
1858 1437 2001 1510 titulum
2020 1439 2148 1512 litteris

347 1559 548 1649 vulgaribus
567 1560 698 1652 ederet,
717 1581 828 1652 neque
845 1562 934 1634 hauc
953 1562 1147 1649 scripturae
1166 1560 1382 1651 varietatem,
1402 1583 1512 1652 neque
1535 1563 1731 1635 litterarum
1749 1561 1876 1636 formas
1898 1560 2050 1635 fideliter
2067 1563 2146 1635 red·

347 1686 430 1757 dere
448 1686 573 1777 potuit,
593 1693 772 1774 praeterea
792 1709 823 1758 v,
843 1691 863 1758 7
882 1693 1026 1778 quartae
1044 1684 1149 1790 aliine
1168 1684 1317 1774 litterae,
1338 1708 1371 1757 v.
1389 1689 1411 1759 8
1432 1693 1577 1777 quartae
1597 1687 1641 1759 ab
1660 1689 1771 1779 initio,
1791 1709 1823 1761 v.
1842 1693 1863 1761 9
1885 1688 2024 1778 quintae
2043 1708 2064 1759 a
2081 1686 2149 1762 fine

348 1809 494 1900 vestigia
511 1809 639 1882 omisit.
1754 1799 1755 1802 ’

456 1933 555 2022 Quod
573 1934 617 2006 ad
634 1933 727 2006 tituli
750 1941 898 2008 aetatem
926 1937 1063 2026 attinet,
1092 1933 1344 2024 Jurgiericzius
1364 1956 1441 2005 eum
1460 1937 1504 2008 ad
1523 1937 1541 2008 I
1560 1941 1621 2010 aut
1638 1940 1673 2010 II
1691 1960 1724 2029 p.
1748 1937 1830 2011 Chr.
1852 1938 2027 2010 saeculum
2046 1936 2147 2010 dubi·

347 2082 464 2150 tanter
478 2076 616 2149 rettulit
628 2082 771 2168 propter
785 2079 977 2167 scripturae
990 2076 1244 2168 neglegentiam
1259 2078 1488 2169 emissumque
1502 2081 1574 2153 iota
1590 2085 1723 2154 mutum
1738 2087 1775 2153 et
1787 2103 1823 2152 ur
1837 2081 1976 2153 litterae
1989 2079 2146 2154 formam.

347 2201 517 2291 Equidem
535 2222 624 2275 saec.
645 2203 680 2275 ΙΙ
698 2223 731 2292 p.
753 2202 835 2277 Chr.
856 2203 1085 2294 antiquiorem
1104 2203 1245 2273 titulum
1264 2221 1331 2274 non
1349 2210 1444 2292 puto.

854 2633 884 2700 d.
913 2631 1103 2700 bonariorum
1122 2633 1301 2716 publicorum
1320 2634 1491 2717 traqmenia
1509 2635 1637 2704 incerta.

453 2831 519 2920 84.
539 2843 601 2912 «In
624 2843 699 2914 loco
719 2841 895 2936 Iljinshoje
914 2862 1020 2932 prope
1040 2838 1173 2913 Olbiam
1192 2863 1234 2912 ex
1252 2842 1363 2931 lapide
1382 2845 1602 2935 transcripsit
1619 2845 1935 2939 Stemp[lr]orskius
1953 2843 2146 2936 (Koeppen,

347 2964 532 3056 Nordgest.
551 2987 586 3056 p.
608 2967 688 3058 78);
708 2966 762 3038 ed.
783 2967 1008 3039 Rochettus
1029 2966 1128 3041 Autt.
1149 2964 1251 3056 Bosp.
1272 2967 1344 3038 tab.
1360 2968 1392 3039 X
1411 2989 1444 3040 n.
1465 2974 1514 3040 l».
1536 2970 1714 3063 Boeekb,
1737 2961 2009 3044 0.1.Gr.11n⁰
2029 2972 2143 3042 2068.

451 3092 523 3164 Iam
550 3091 771 3182 Koeppenius
798 3093 822 3164 l.
851 3112 879 3164 c.
910 3110 978 3163 uon
1004 3112 1103 3163 nosse
1130 3111 1167 3162 se
1194 3092 1295 3184 dixit,
1326 3094 1409 3184 quid
1437 3093 1543 3184 lapidi
1571 3095 1752 3168 evenisset.
1788 3096 1923 3186 Repeto
1949 3093 2143 3184 exemplum

347 3215 623 3292 Rochettianum.

578 3415 591 3465 1
657 3394 939 3466 OlIlEPthTtl

656 3519 1003 3590 ΝΙΟΝΚΛΑΥΔΙΟΝ

657 3644 911 3714 ΣΤΡΑΤΗΓΟΙ
1299 3663 1343 3730 Οἱ
1362 3663 1434 3757 περὶ
1450 3654 1620 3731 Ἀντώνιον
1639 3652 1808 3734 Κλαύδιον
1833 3685 1932 3760 στρα-

656 3769 963 3838 ΟΡΟΝΤΗΣΣΠΑ
1301 3785 1413 3882 τηγοί·

576 3911 592 3964 5
656 3894 902 3962 ΔΑΚΟΥΝΟΥ
1352 3905 1514 4006 Ὀρόντης
1530 3898 1721 4000 Σπαδάκου,

654 4017 900 4087 ΜΗΝΙΟΣΠΑ
1352 4025 1541 4131 latophao<
1561 4031 1734 4133 Πασάρου,

633 4185 635 4190 ·
657 4141 903 4212 ΣΑΡΟΥΠΑΠ
1352 4158 1513 4241 Παππίας
1527 4149 1765 4256 Ἀρίστωνο[ς],

656 4266 930 4337 ΠΙΑΣΑΡΙΣΤΩ
1227 4291 1229 4294 ’
1352 4277 1556 4380 Πασῑά[ῧ]ης
1570 4283 1808 4380 Ἀπολλω[νίου
1823 4283 1916 4379 κτλ]

656 4393 889 4462 ΝΟΥΠΑΣΙΑ

561 4537 594 4588 10
668 4517 947 4587 ,ΗΣΑΠΟΛΛΩ

452 4675 647 4749 Boeckhius
680 4695 784 4764 supra
801 4695 834 4746 v.
858 4678 875 4745 1
903 4674 1011 4746 verba
1030 4672 1170 4779 [Ἀγαθῇ
1199 4675 1301 4784 τύχῃ,
1332 4673 1513 4746 Ἀπόλλωνι
1537 4672 1736 4782 Προστάτῃ]
1765 4676 1890 4769 posuit,
1920 4676 1980 4747 sed
2009 4676 2146 4750 conlato

346 4803 401 4874 tit.
423 4803 472 4872 85
492 4801 645 4891 cogitare
672 4800 755 4870 licat
782 4798 836 4869 dei
864 4820 985 4870 nomen
1013 4807 1092 4891 post
1118 4808 1316 4900 praetorum
1345 4801 1481 4900 demum
1510 4801 1645 4871 nomina
1673 4799 1778 4872 luisse
1806 4802 1966 4893 positum,
1997 4805 2037 4870 ut
2063 4807 2143 4874 ante

346 4947 495 5016 versum,
515 4927 574 5017 qui
593 4945 683 4996 nunc
702 4925 747 4995 sit
769 4923 913 5013 primus,
941 4925 1027 4996 nihil
1045 4926 1199 5016 perierit.
1232 4925 1419 5015 Superesse
1437 4933 1621 5014 utrumque
1640 4923 1870 5015 fragmentum
1888 4946 1907 4995 e
1926 4925 2143 4997 donariorum

347 5049 653 5141 subscriptionibus
681 5048 827 5121 maxime
857 5054 910 5121 est
937 5052 1010 5122 reri
1038 5052 1164 5144 simile,
1193 5051 1252 5124 sed
1283 5073 1360 5123 cum
1384 5055 1561 5141 praetores
1588 5057 1729 5140 praeter
1747 5051 1941 5142 Apollinem
1959 5050 2143 5122 Prostaten

347 5177 450 5248 etiam
469 5174 610 5248 Phoebo
628 5181 663 5247 et
681 5173 809 5246 Achilli
827 5175 1042 5248 Pontarchae
1065 5177 1230 5248 solverint
1248 5183 1329 5248 vota
1351 5196 1462 5266 nequa
1486 5173 1671 5265 quidquam
1694 5175 1779 5246 insit
1801 5174 1925 5266 titulis,
1953 5174 2043 5246 uude
2062 5194 2142 5246 con·

346 5302 456 5394 ligere
475 5301 590 5392 liceat,
611 5301 708 5372 ouius
728 5300 783 5372 dei
801 5321 925 5372 nomen
942 5302 978 5372 in
996 5299 1063 5372 fine
1081 5301 1236 5393 perierit,
1258 5302 1321 5374 hoc
1340 5301 1415 5372 loco
1435 5320 1492 5371 eos
1510 5319 1636 5388 ponere
1655 5297 1794 5389 placuit.

454 5420 519 5494 Vr.
541 5424 642 5495 7-8
662 5421 809 5494 fortasse
826 5424 961 5506 Παπίας
979 5425 1163 5515 legendum
1181 5444 1268 5516 esse,
1291 5425 1382 5495 utin
1400 5423 1477 5496 aliis
1494 5424 1619 5515 titulis,
1640 5423 1771 5495 monuit
1788 5421 1995 5494 Boeckhius.

451 5786 518 5876 85.
547 5794 678 5868 Tabula
704 5798 886 5869 marmoris
913 5797 1051 5871 candidi
1072 5795 1204 5869 inferne
1228 5795 1348 5889 fracta,
1379 5819 1408 5869 a.
1431 5800 1520 5890 0,26
1539 5817 1598 5890 m,
1629 5795 1651 5868 l.
1674 5797 1777 5886 0,22,
1801 5813 1849 5866 cr.
1871 5795 1999 5892 0,065.
2029 5793 2143 5884 Supra

346 5925 468 5992 ornata
487 5926 540 5992 est
558 5919 696 6012 fastigio
716 5942 793 5992 oum
814 5923 947 6014 sculpto
967 5926 1097 6015 clipeo;
1126 5923 1297 6014 margines
1315 5923 1491 6014 paululum
1511 5922 1674 5994 eminent.
1704 5917 1840 5991 Titulus
1858 5919 1985 5991 litteris
2003 5918 2141 6009 elegan-

346 6045 439 6117 tibus
456 6047 501 6136 (a.
523 6047 651 6137 0,015)
669 6045 799 6118 incisus
822 6048 1019 6120 etiamnunc
1041 6050 1169 6140 optime
1192 6048 1331 6138 legitur.
1361 6046 1427 6119 Ed.
1453 6048 1521 6120 Th.
1546 6046 1692 6118 Struve
1715 6049 1781 6116 act.
1803 6063 1873 6116 soc.
1894 6041 2014 6116 Odess.
2040 6062 2071 6113 r.
2091 6042 2142 6113 Vl

1899 6164 1932 6219 ro
