5530 7512
1072 1089 1201 1161 Trrunr
1219 1111 1463 1163 unproaronn.
2082 1099 2151 1166 111

217 1403 221 1412 ι
357 1311 487 1395 rurant,
508 1325 618 1394 neque
638 1304 757 1394 templi
777 1303 926 1394 vestigia
944 1323 1006 1374 uec
1024 1303 1129 1374 ullam
1149 1303 1406 1394 inscriptionem
1427 1305 1607 1395 invenisse,
1636 1306 1790 1394 quamvis
1807 1306 1892 1378 alias
1911 1328 1967 1378 res
1986 1309 2156 1400 antiquas,

356 1450 445 1520 quae
464 1428 651 1521 probarent
670 1425 823 1501 Graecos
843 1427 923 1498 olim
943 1428 1031 1498 hauc
1049 1428 1196 1499 insulam
1214 1428 1401 1520 habitasse,
1430 1431 1621 1520 permultas
1640 1429 1836 1503 effodissent
1853 1432 1909 1524 (de
1927 1433 1980 1503 his
2000 1434 2157 1523 explora-

355 1553 506 1625 tionibus
520 1543 722 1625 Prendelius
740 1554 814 1642 ipse
832 1553 969 1623 rettulit
983 1552 1035 1624 VI
1054 1552 1358 1643 archaeologorum
1379 1557 1591 1648 congressui,
1611 1557 1670 1646 qui
1687 1554 1754 1628 fuit
1770 1556 1917 1628 Odessae
1936 1577 1978 1628 rn.
1999 1558 2158 1648 Augusto

357 1699 388 1751 a.
414 1680 538 1770 1884).
567 1679 620 1750 De
639 1679 704 1749 hac
723 1678 832 1768 igitur
858 1678 1040 1749 titulorum
1063 1679 1195 1768 origine
1224 1699 1291 1750 uon
1318 1679 1465 1769 amplius
1494 1680 1724 1770 cogitandum.
1756 1681 1960 1778 Ribasianos
1979 1683 2101 1754 titulos
2120 1703 2157 1752 re

356 1825 440 1876 vera
457 1805 493 1875 in
512 1805 700 1876 continenti
718 1809 875 1893 repertos
894 1803 997 1873 etiam
1015 1803 1095 1876 iude
1115 1804 1273 1875 conicere
1292 1804 1385 1896 licet,
1415 1805 1506 1895 quod
1526 1813 1648 1897 postea
1666 1807 1725 1878 alii
1743 1813 1817 1878 tres
1839 1807 1932 1878 tituli
1955 1808 2158 1898 propinquis

355 1930 440 2001 locis
464 1930 499 2000 iu
523 1931 635 2001 lucem
663 1928 876 2020 prodierunt,
907 1949 1029 2020 nempe
1052 1931 1087 1999 in
1106 1929 1232 2001 vicinia
1259 1931 1339 2019 pagi
1358 1931 1551 2024 Troitslroje
1579 1933 1651 2002 sire
1671 1931 1850 2004 Koblevlra
1877 1933 1969 2004 dicti.
2002 1931 2155 2020 Quorum

356 2054 441 2126 duus
462 2045 536 2144 (nu⁰
555 2056 605 2125 80
629 2059 666 2124 et
689 2049 753 2144 82)
776 2052 1071 2126 Mursakeviczius
1097 2054 1228 2144 primus
1255 2055 1364 2126 edidit
1392 2056 1609 2146 coniecitque
1638 2079 1706 2128 non
1729 2056 1835 2130 fuisse
1866 2056 2169 2149 Olbiopolitauns,

356 2179 416 2250 sed
444 2200 486 2250 ex
513 2199 553 2250 en
580 2183 684 2268 portu
712 2179 905 2268 provenire,
935 2197 1036 2268 quem
1066 2178 1236 2250 Arrianus
1265 2179 1406 2270 (Peripl.
1437 2181 1479 2253 P.
1505 2181 1593 2253 Eur.
1617 2186 1661 2254 31
1694 2183 1728 2252 in
1757 2203 1876 2272 geogr.
1897 2179 1958 2254 Gr.
1990 2183 2071 2255 min.
2103 2183 2156 2254 ed.

357 2302 396 2376 G.
412 2302 572 2375 Muelleri
590 2325 623 2376 ν.
645 2303 661 2374 Ι
678 2325 712 2394 p.
731 2304 818 2374 397:
844 2299 919 2372 Ἀπὸ
939 2291 1219 2399 δὲΒορυσθὲνους
1240 2305 1291 2374 ἐπὶ
1311 2309 1414 2374 ν’σον
1435 2304 1589 2403 σμικράν,
1612 2299 1741 2404 ἑρὴμην
1760 2311 1816 2376 καί
1835 2305 2011 2403 ἀνώνυμον
2032 2297 2158 2378 στάδιοι

356 2422 527 2522 ἑξήκοντα·
550 2433 605 2500 καὶ
634 2433 726 2499 ἔνθεν
756 2431 800 2510 εἰς
820 2417 990 2520 Ὀδησσὸν
1010 2417 1231 2525 ὁγδοήκοντα·
1254 2431 1288 2498 ἐν
1308 2329 1470 2524 ’Obuaurp
1502 2433 1602 2526 ὅρμος
1626 2431 1756 2521 ναυσίν)
1775 2435 1811 2501 et
1828 2449 2018 2519 anonymus
2037 2436 2158 2501 auctor

355 2556 478 2646 peripli
505 2554 545 2627 P.
570 2555 656 2626 Eur.
681 2554 778 2647 (ibid.
803 2555 820 2626 Ι
844 2573 877 2644 p.
905 2555 995 2645 417)
1014 2543 1185 2646 Ὀδησσὸν
1213 2553 1487 2644 nominaverunt,
1516 2554 1647 2626 Plinius
1675 2556 1731 2645 (N.
1758 2555 1792 2624 h.
1817 2554 1879 2645 IV,
1906 2556 1969 2645 26)
1988 2552 2158 2627 Ordesum

300 2770 302 2782 ,
355 2685 510 2771 portum,
531 2669 720 2777 Ὀρδησσὸν
744 2678 961 2750 Ptolemaeus
980 2678 1059 2770 (ΙΙΙ,
1082 2680 1130 2769 5),
1159 2697 1328 2768 quemque
1351 2679 1387 2748 in
1410 2679 1498 2750 ostio
1518 2676 1718 2768 Tiliguliani
1741 2681 1851 2770 laeua,
1880 2680 1903 2749 i.
1924 2699 1955 2750 e.
1978 2680 2014 2749 in
2033 2679 2160 2750 vicinia

355 2801 555 2875 Koblevkae
582 2802 688 2875 luisse
708 2802 991 2893 Stempkovslrius
1019 2803 1150 2892 primns
1179 2803 1302 2874 statuit
1312 2801 1348 2893 1).
1377 2803 1475 2875 Hanc
1494 2801 1759 2875 Mursakeviczii
1789 2805 1994 2876 senteutiam
2018 2809 2157 2894 praeter
2201 2840 2205 2847 ·

355 2927 439 3001 alios
458 2928 625 3019 quosdam
642 2929 734 2999 uiros
755 2927 883 3021 doctos,
915 2949 999 3018 quos
1020 2948 1222 2998 enumerare
1240 2949 1307 2999 uon
1326 2924 1448 3017 refert,
1473 2929 1495 2999 J
1499 2928 1715 3017 urgeviczius
1734 2928 1878 3018 adeptus
1897 2933 1961 3017 est,
1991 2949 2067 3000 cum
2087 2935 2157 3000 ter·

354 3054 442 3125 tium
460 3055 599 3126 titulum
619 3054 731 3146 (nobis
751 3053 814 3145 83)
833 3053 926 3126 haud
944 3053 1065 3142 procul
1085 3074 1105 3125 a
1124 3052 1302 3125 Koblerka
1320 3059 1498 3143 repertum
1516 3053 1652 3139 ederet3-
1681 3053 1763 3142 upin
1782 3053 1884 3125 etiam
1905 3053 1989 3124 alios
2008 3054 2159 3144 quinque

354 3179 475 3252 titulos
495 3177 626 3251 Odeeso
645 3178 838 3269 adscripsit,
859 3198 878 3249 e
897 3176 1021 3266 quibus
1040 3177 1107 3249 dno
1127 3177 1180 3268 (O.
1202 3177 1230 3248 I.
1253 3177 1315 3249 Gr.
1340 3181 1438 3250 1056
1459 3177 1477 3248 b
1497 3183 1532 3249 et
1550 3180 1580 3270 c)
1601 3177 1719 3249 Varua
1738 3177 1904 3250 Odessam
1925 3179 2060 3284 advecti
2080 3199 2157 3250 esse
2178 3159 2180 3166 ’

355 3304 559 3378 dicebantur
568 3301 606 3396 Ι),
640 3303 698 3374 alii
730 3303 797 3374 duo
829 3301 1008 3374 Ribasiaui
1041 3308 1136 3394 suut,
1170 3303 1312 3392 quintus
1345 3302 1379 3371 in
1411 3302 1535 3394 oppido
1559 3301 1720 3374 Oezalrov
1747 3309 1908 3393 repertus
1937 3309 1992 3374 est
2018 3290 2159 3374 auctore

354 3428 632 3502 Mursalreviczio
651 3427 763 3520 (nobis
783 3428 858 3518 79).
889 3427 1019 3499 Contra
1037 3426 1226 3498 Mnraltius
1246 3427 1361 3518 (mem.
1382 3426 1424 3498 de
1448 3427 1482 3496 la
1505 3447 1573 3498 soe.
1596 3427 1728 3499 d’arcb.
1750 3435 1785 3498 et
1804 3428 1846 3498 de
1864 3428 2024 3499 numism.
2046 3428 2089 3498 de
2108 3427 2157 3499 St.

354 3555 513 3627 Petersb.
534 3575 566 3625 ν.
593 3552 647 3624 ΙΙΙ
668 3573 702 3642 p.
727 3554 814 3653 189)
843 3572 921 3653 cum
949 3550 1084 3622 videret
1110 3551 1232 3622 titulos
1255 3551 1570 3624 aMursakcviczio
1593 3533 1725 3624 Odesso
1752 3552 1944 3642 adscriptos
1971 3552 2160 3624 simillimos

354 3700 428 3752 esse
449 3677 713 3767 Olbiopolitanis
732 3682 769 3748 et
787 3677 847 3767 eis,
871 3696 957 3765 quos
978 3677 1013 3746 in
1033 3675 1142 3746 insula
1160 3677 1416 3767 Borysthenide
1435 3683 1595 3765 repertus
1614 3675 1706 3748 fama
1723 3675 1868 3765 ferebat,
1887 3677 2020 3766 primus
2040 3697 2097 3747 eos
2116 3696 2159 3748 ex

356 3803 477 3876 Olbiae
501 3802 681 3892 parietinis
707 3801 888 3890 provenire
906 3800 1108 3873 dubitanter
1127 3802 1285 3872 coniecit.
1314 3802 1409 3872 Idem
1430 3807 1550 3892 postea
1568 3801 1744 3874 Beckerus
1764 3799 1958 3874 adfirmavit
1984 3803 2065 3892 (act.
2087 3823 2157 3873 soc.

355 3926 474 4001 Odess.
494 3948 527 3998 ν.
547 3925 601 3999 ΙΙΙ
620 3947 653 4018 p.
676 3929 746 3998 199
766 3957 813 3988 =
831 3926 932 3998 mem.
952 3925 995 3996 de
1014 3925 1048 3997 la
1067 3946 1136 3998 soc.
1157 3924 1287 3997 d’arch.
1309 3948 1342 3998 v.
1363 3925 1414 3998 VI
1433 3946 1466 4015 p.
1493 3925 1592 4017 180),
1613 3926 1711 3998 cuius
1729 3927 1834 3998 verba
1853 3926 1956 4016 digna
1974 3931 2054 3998 suut
2073 3945 2160 4016 quae

356 4053 412 4126 bic
430 4054 567 4141 integra
586 4052 804 4142 repetantur:
825 4051 913 4122 «Die
933 4049 1180 4123 bezeichneten
1193 4048 1446 4144 [Insubriften],
1467 4052 1502 4122 iu
1522 4050 1632 4122 denen
1650 4053 1715 4122 mit
1732 4051 1853 4122 keiner
1869 4049 1961 4122 Silbe
1980 4051 2041 4122 der
2056 4049 2159 4122 Stadt

355 4176 506 4251 Odessus
533 4177 617 4248 oder
642 4177 737 4248 ihrer
760 4176 966 4248 Eiuwohner
984 4176 1208 4266 Erwabuuug
1237 4175 1428 4267 geschicht‚
1457 4174 1620 4247 scheiuen
1649 4176 1819 4268 indessen,
1845 4177 1907 4247 wie
1936 4176 2025 4246 auch
2053 4176 2158 4247 sebon

213 4309 223 4330 ⁸
355 4301 489 4374 Muralt
507 4301 715 4388 rermutbet,
744 4300 912 4372 vielmehr
939 4321 1000 4373 aus
1020 4299 1121 4373 Olbia
1149 4323 1193 4372 zu
1219 4309 1386 4400 stammen
1414 4302 1484 4373 und
1510 4323 1577 4372 nur
1606 4301 1746 4372 bierher
1773 4299 1941 4390 gebracht
1959 4300 2097 4372 worden
2116 4321 2160 4370 zu

355 4428 439 4518 sein,
469 4427 557 4498 denn
586 4426 640 4497 die
660 4425 881 4516 Erwahnung
900 4446 964 4498 von
992 4424 1072 4527 litui
1086 4427 1270 4515 Strategeu
1299 4426 1369 4497 und
1388 4447 1455 4498 rou
1484 4426 1546 4497 der
1570 4425 1672 4497 Feier
1692 4423 1909 4496 dffeutlicher
1936 4423 2048 4514 Spiele
2076 4425 2160 4497 lasst

356 4551 418 4625 aui
432 4552 508 4623 eine
527 4552 593 4622 viel
614 4559 772 4641 grassere
792 4551 894 4623 Stadt
920 4552 1119 4644 schliesseu,
1149 4553 1201 4624 als
1220 4549 1372 4623 Odessus
1391 4571 1546 4642 genesen
1566 4573 1609 4622 zu
1627 4553 1705 4622 sein·
1719 4551 1864 4622 scbeint.
1894 4551 1960 4622 Die
1978 4549 2160 4640 allgemein

355 4677 528 4749 bekannte
538 4676 746 4766 Verehrung
760 4676 820 4748 des
831 4676 985 4749 Achilles
998 4699 1066 4748 von
1081 4676 1199 4748 Seiten
1217 4677 1278 4747 der
1288 4675 1562 4766 Olbiopolitauer
1576 4675 1646 4746 und
1665 4675 1720 4747 die
1730 4675 1961 4746 Wiederlrebr
1981 4675 2158 4746 mehrerer

355 4803 600 4892 Eigennameu,
630 4802 684 4873 die
711 4823 775 4872 uns
802 4822 863 4872 aus
892 4801 957 4872 den
984 4801 1160 4873 bestimmt
1187 4821 1249 4873 aus
1270 4799 1373 4876 Olbia
1400 4802 1635 4872 stammendeu
1654 4799 1861 4872 Inschristen
1888 4800 2039 4872 bekannt
2067 4800 2155 4893 sind,

357 4925 453 4997 fahrt
472 4945 537 4996 uns
555 4925 725 4996 vielmebr
746 4925 834 4997 nach
859 4925 982 5015 dieser,
1010 4925 1077 4997 viel
1098 4925 1374 4997 bedentenderen
1395 4925 1629 4998 Coloniestadt
1647 4925 1709 4996 der
1727 4925 1918 4997 Milesiam.
1947 4926 2042 4997 Haec
2061 4931 2157 4997 recte

357 5051 533 5142 disputata
551 5071 625 5122 esse
648 5049 748 5122 facile
772 5035 838 5121 sibi
856 5049 1082 5140 persuadebit
1103 5051 1298 5142 quicunque
1316 5050 1437 5122 titulos
1456 5050 1497 5122 de
1517 5051 1642 5140 quibus
1664 5051 1798 5140 agimus
1816 5071 1895 5123 cnm
1913 5051 1963 5122 eis
1981 5069 2158 5140 compara-

355 5177 458 5266 verit,
478 5196 625 5267 quorum
645 5177 743 5266 origo
763 5174 1020 5264 Olbiopolitana
1038 5176 1124 5247 nulli
1144 5175 1350 5248 dubitationi
1369 5182 1422 5247 est
1441 5175 1599 5247 obnoxia.
1623 5175 1779 5247 Primum
1797 5176 1887 5246 enim
1905 5173 2053 5248 Achillis
2068 5174 2157 5245 Pou-

357 5301 497 5374 tarchae
516 5301 683 5390 templum
710 5302 745 5372 in
772 5301 848 5390 ipsa
868 5300 968 5374 Olbia
996 5299 1100 5372 luisse
1120 5305 1255 5373 constat
1273 5322 1292 5372 e
1310 5300 1432 5372 Diouis
1453 5299 1691 5391 Chrysostomi
1713 5300 1869 5372 oratione
1888 5299 2157 5390 Borystheuica;

355 5427 478 5498 deinde
498 5426 528 5496 si
546 5426 684 5516 quidem
702 5423 768 5497 luit
785 5426 828 5498 ud
847 5427 973 5499 ostium
993 5427 1088 5497 lacus
1108 5425 1309 5516 Tiliguliaui
1327 5425 1501 5516 oppidum,
1531 5421 1622 5516 quod
1641 5409 1792 5498 Odessus
1810 5427 2009 5516 vocabatur,
2038 5423 2157 5496 admo-

410 5724 435 5792 1)
450 5721 667 5784 hacrhuonasia
681 5737 697 5775 ο
711 5721 870 5778 miscronor.
883 5738 927 5791 ap.
942 5737 1020 5790 rpeu.
1034 5721 1186 5777 nocerenid
1201 5736 1237 5775 sa
1252 5723 1254 5742 “
1272 5726 1353 5776 eraut
1366 5720 1652 5776 extraOhersonesum
1660 5720 1806 5775 Tauricam
1821 5721 1882 5788 sita,
1896 5726 1927 5774 ut
1936 5719 2058 5788 illector,
2072 5719 2157 5776 Odes-

356 5813 498 5882 deperaxn
513 5812 609 5866 Houra
619 5811 819 5866 Eaueuscraro
833 5811 909 5883 (0116.
922 5813 999 5882 1826)
1013 5829 1038 5880 p.
1053 5814 1087 5866 48
1101 5828 1141 5880 sq.
1157 5811 1234 5866 Oete·
1271 5827 1317 5866 sua
1337 5809 1359 5865 s}
1375 5811 1519 5879 Ordeasua,
1542 5809 1662 5879 Scopuli,
1681 5809 1786 5878 Physce
1806 5823 1828 5863 a.
1842 5809 2020 5864 Istriaunrum
2039 5813 2155 5877 portuen

355 5919 416 5957 rum
429 5899 875 5957 addendumMursulrericziumin
886 5901 977 5968 priore
987 5901 1063 5955 tituli
1073 5900 1236 5956 conditione
1272 5905 1323 5955 etc.
1339 5900 1380 5954 De
1395 5900 1446 5954 hac
1462 5906 1553 5954 tamen
1568 5899 1674 5954 dicione
1689 5897 1759 5952 nihil
1774 5898 1908 5953 novimus.

328 6003 335 6014 ·
356 5992 390 6046 ad
401 6009 425 6046 r.
435 5985 512 6054 πόλις
520 5989 588 6044 haee
598 5988 754 6045 adnotasse:
770 5991 863 6058 «urbs,
873 5985 958 6059 ποΙις,
968 5990 1046 6044 nobis
1056 5989 1164 6046 ridetur
1174 6005 1235 6044 esse
1251 5972 1254 6048 ,'
1324 5991 1350 6057 2)
1364 5989 1404 6044 uf.
1415 6005 1484 6057 quae
1498 5989 1531 6044 de
1545 5988 1589 6042 his
1600 5987 1687 6042 titulis
1698 5989 1812 6056 exposui
1827 5988 1856 6040 in
1866 5985 1996 6042 Mittheil.
2007 5987 2033 6041 d.
2044 5987 2078 6042 D.
2089 5987 2156 6042 Inst.

357 6080 519 6150 Olbiopolis,
543 6079 593 6134 sub
611 6079 689 6133 cuius
713 6079 821 6134 dicione
844 6085 938 6134 cetere
951 6080 1118 6134 Graecorum
1133 6079 1236 6148 oppida
1251 6070 1253 6128 i
1270 6081 1299 6132 in
1315 6080 1406 6134 Athen
1421 6081 1451 6134 B.
1467 6079 1514 6148 IX,
1531 6083 1546 6133 3
1561 6079 1637 6134 Helt.
