<?xml version="1.0" encoding="UTF-8"?>
<!DOCTYPE html PUBLIC "-//W3C//DTD XHTML 1.0 Transitional//EN"
    "http://www.w3.org/TR/xhtml1/DTD/xhtml1-transitional.dtd">
<html xmlns="http://www.w3.org/1999/xhtml" xml:lang="en" lang="en">
 <head>
  <title>
</title>
<meta http-equiv="Content-Type" content="text/html;charset=utf-8" />
  <meta name='ocr-system' content='tesseract 3.04.00' />
  <meta name='ocr-capabilities' content='ocr_page ocr_carea ocr_par ocr_line ocrx_word'/>
</head>
<body>
  <div class='ocr_page' id='page_1' title='image "./inscriptionesty00russgoog_0029.png"; bbox 0 0 5560 7516; ppageno 0'>
   <div class='ocr_carea' id='block_1_1' title="bbox 616 1060 2350 1164">
    <p class='ocr_par' dir='ltr' id='par_1_1' title="bbox 616 1060 2350 1164">
     <span class='ocr_line' id='line_1_1' title="bbox 616 1060 2350 1164; baseline -0.001 0"><span class='ocrx_word' id='word_1_1' title='bbox 616 1097 661 1164; x_wconf 87' lang='lat'><strong>14</strong></span> <span class='ocrx_word' id='word_1_2' title='bbox 1332 1091 1451 1162; x_wconf 69' lang='lat' dir='ltr'><strong>lunas</strong></span> <span class='ocrx_word' id='word_1_3' title='bbox 1470 1111 1516 1162; x_wconf 87' lang='lat' dir='ltr'><strong>nr</strong></span> <span class='ocrx_word' id='word_1_4' title='bbox 1535 1103 1684 1164; x_wconf 81' lang='lat' dir='ltr'><strong>vrorum.</strong></span> <span class='ocrx_word' id='word_1_5' title='bbox 1965 1060 1987 1162; x_wconf 21' lang='lat' dir='ltr'><strong>,s</strong></span> <span class='ocrx_word' id='word_1_6' title='bbox 2260 1087 2296 1163; x_wconf 78' lang='lat' dir='ltr'><strong>lli.</strong></span> <span class='ocrx_word' id='word_1_7' title='bbox 2316 1093 2350 1164; x_wconf 86' lang='grc'><strong>3.</strong></span> 
     </span>
    </p>
   </div>
   <div class='ocr_carea' id='block_1_2' title="bbox 542 1301 2491 5989">
    <p class='ocr_par' dir='ltr' id='par_1_2' title="bbox 610 1301 2475 2633">
     <span class='ocr_line' id='line_1_2' title="bbox 717 1301 2404 1394; baseline -0.001 -18"><span class='ocrx_word' id='word_1_8' title='bbox 717 1304 932 1394; x_wconf 83' lang='lat' dir='ltr'><strong>Tyranorum</strong></span> <span class='ocrx_word' id='word_1_9' title='bbox 951 1303 1151 1388; x_wconf 88' lang='lat' dir='ltr'><strong>immunitas</strong></span> <span class='ocrx_word' id='word_1_10' title='bbox 1177 1301 1260 1392; x_wconf 93' lang='lat' dir='ltr'><strong>quid</strong></span> <span class='ocrx_word' id='word_1_11' title='bbox 1282 1308 1383 1391; x_wconf 90' lang='lat' dir='ltr'><strong>esset,</strong></span> <span class='ocrx_word' id='word_1_12' title='bbox 1413 1301 1505 1373; x_wconf 91' lang='lat' dir='ltr'><strong>idem</strong></span> <span class='ocrx_word' id='word_1_13' title='bbox 1523 1303 1579 1373; x_wconf 89' lang='lat' dir='ltr'><strong>vir</strong></span> <span class='ocrx_word' id='word_1_14' title='bbox 1597 1302 1816 1375; x_wconf 84' lang='lat' dir='ltr'><strong>doctissimus</strong></span> <span class='ocrx_word' id='word_1_15' title='bbox 1833 1303 1882 1374; x_wconf 87' lang='lat' dir='ltr'><strong>itu</strong></span> <span class='ocrx_word' id='word_1_16' title='bbox 1900 1301 2070 1374; x_wconf 85' lang='lat' dir='ltr'><strong>definivit:</strong></span> <span class='ocrx_word' id='word_1_17' title='bbox 2099 1301 2343 1392; x_wconf 77' lang='lat' dir='ltr'><strong>«Privilegium</strong></span> <span class='ocrx_word' id='word_1_18' title='bbox 2362 1304 2404 1375; x_wconf 90' lang='lat' dir='ltr'><strong>dc</strong></span> 
     </span>
     <span class='ocr_line' id='line_1_3' title="bbox 610 1425 2405 1530; baseline -0.001 -30"><span class='ocrx_word' id='word_1_19' title='bbox 610 1449 678 1520; x_wconf 92' lang='lat' dir='ltr'><strong>quo</strong></span> <span class='ocrx_word' id='word_1_20' title='bbox 696 1429 813 1530; x_wconf 85' lang='lat' dir='ltr'><strong>agitur</strong></span> <span class='ocrx_word' id='word_1_21' title='bbox 831 1434 885 1500; x_wconf 90' lang='lat' dir='ltr'><strong>est</strong></span> <span class='ocrx_word' id='word_1_22' title='bbox 902 1427 1110 1519; x_wconf 83' lang='lat' dir='ltr'><strong>immunitas,</strong></span> <span class='ocrx_word' id='word_1_23' title='bbox 1138 1426 1173 1498; x_wconf 92' lang='lat' dir='ltr'><strong>id</strong></span> <span class='ocrx_word' id='word_1_24' title='bbox 1192 1433 1245 1498; x_wconf 91' lang='lat' dir='ltr'><strong>est</strong></span> <span class='ocrx_word' id='word_1_25' title='bbox 1262 1431 1302 1498; x_wconf 93' lang='lat' dir='ltr'><strong>ut</strong></span> <span class='ocrx_word' id='word_1_26' title='bbox 1318 1425 1422 1498; x_wconf 91' lang='lat' dir='ltr'><strong>liceat</strong></span> <span class='ocrx_word' id='word_1_27' title='bbox 1439 1426 1572 1498; x_wconf 88' lang='lat' dir='ltr'><strong>civibus</strong></span> <span class='ocrx_word' id='word_1_28' title='bbox 1589 1427 1732 1516; x_wconf 81' lang='lat' dir='ltr'><strong>Tyronis</strong></span> <span class='ocrx_word' id='word_1_29' title='bbox 1752 1447 1884 1500; x_wconf 84' lang='lat' dir='ltr'><strong>merces</strong></span> <span class='ocrx_word' id='word_1_30' title='bbox 1902 1428 1954 1498; x_wconf 89' lang='grc'><strong>110</strong></span> <span class='ocrx_word' id='word_1_31' title='bbox 1971 1428 2139 1519; x_wconf 87' lang='lat' dir='ltr'><strong>accipere,</strong></span> <span class='ocrx_word' id='word_1_32' title='bbox 2163 1431 2203 1499; x_wconf 91' lang='lat' dir='ltr'><strong>ut</strong></span> <span class='ocrx_word' id='word_1_33' title='bbox 2220 1425 2405 1500; x_wconf 90' lang='lat' dir='ltr'><strong>conducto·</strong></span> 
     </span>
     <span class='ocr_line' id='line_1_4' title="bbox 610 1549 2407 1642; baseline -0.001 -18"><span class='ocrx_word' id='word_1_34' title='bbox 610 1552 708 1624; x_wconf 90' lang='lat' dir='ltr'><strong>ribus</strong></span> <span class='ocrx_word' id='word_1_35' title='bbox 726 1553 960 1642; x_wconf 77' lang='lat' dir='ltr'><strong>posteriorum</strong></span> <span class='ocrx_word' id='word_1_36' title='bbox 978 1551 1125 1624; x_wconf 79' lang='lat' dir='ltr'><strong>edantur</strong></span> <span class='ocrx_word' id='word_1_37' title='bbox 1138 1550 1273 1641; x_wconf 89' lang='lat' dir='ltr'><strong>quidem</strong></span> <span class='ocrx_word' id='word_1_38' title='bbox 1289 1551 1333 1640; x_wconf 86' lang='lat' dir='ltr'><strong>(v.</strong></span> <span class='ocrx_word' id='word_1_39' title='bbox 1348 1552 1423 1642; x_wconf 85' lang='lat'><strong>22),</strong></span> <span class='ocrx_word' id='word_1_40' title='bbox 1442 1571 1505 1622; x_wconf 89' lang='lat' dir='ltr'><strong>nec</strong></span> <span class='ocrx_word' id='word_1_41' title='bbox 1524 1557 1640 1622; x_wconf 87' lang='lat' dir='ltr'><strong>tamen</strong></span> <span class='ocrx_word' id='word_1_42' title='bbox 1657 1553 1847 1641; x_wconf 86' lang='lat' dir='ltr'><strong>portorium</strong></span> <span class='ocrx_word' id='word_1_43' title='bbox 1865 1552 1998 1623; x_wconf 84' lang='lat' dir='ltr'><strong>solvant</strong></span> <span class='ocrx_word' id='word_1_44' title='bbox 2012 1552 2115 1642; x_wconf 91' lang='lat' dir='ltr'><strong>idque</strong></span> <span class='ocrx_word' id='word_1_45' title='bbox 2133 1549 2194 1623; x_wconf 86' lang='lat' dir='ltr'><strong>fiat</strong></span> <span class='ocrx_word' id='word_1_46' title='bbox 2212 1572 2280 1623; x_wconf 92' lang='lat' dir='ltr'><strong>non</strong></span> <span class='ocrx_word' id='word_1_47' title='bbox 2298 1551 2407 1624; x_wconf 90' lang='lat' dir='ltr'><strong>solum</strong></span> 
     </span>
     <span class='ocr_line' id='line_1_5' title="bbox 610 1673 2407 1766; baseline 0 -20"><span class='ocrx_word' id='word_1_48' title='bbox 610 1676 646 1746; x_wconf 92' lang='lat' dir='ltr'><strong>in</strong></span> <span class='ocrx_word' id='word_1_49' title='bbox 664 1676 810 1748; x_wconf 82' lang='lat' dir='ltr'><strong>usuardo</strong></span> <span class='ocrx_word' id='word_1_50' title='bbox 829 1673 1011 1764; x_wconf 84' lang='lat' dir='ltr'><strong>mercibus,</strong></span> <span class='ocrx_word' id='word_1_51' title='bbox 1031 1675 1067 1748; x_wconf 93' lang='lat' dir='ltr'><strong>id</strong></span> <span class='ocrx_word' id='word_1_52' title='bbox 1085 1680 1138 1746; x_wconf 90' lang='lat' dir='ltr'><strong>est</strong></span> <span class='ocrx_word' id='word_1_53' title='bbox 1156 1693 1240 1763; x_wconf 89' lang='lat' dir='ltr'><strong>quas</strong></span> <span class='ocrx_word' id='word_1_54' title='bbox 1259 1681 1393 1764; x_wconf 87' lang='lat' dir='ltr'><strong>emptor</strong></span> <span class='ocrx_word' id='word_1_55' title='bbox 1410 1694 1473 1746; x_wconf 90' lang='lat' dir='ltr'><strong>suo</strong></span> <span class='ocrx_word' id='word_1_56' title='bbox 1492 1674 1599 1764; x_wconf 92' lang='lat' dir='ltr'><strong>ipsius</strong></span> <span class='ocrx_word' id='word_1_57' title='bbox 1618 1675 1696 1747; x_wconf 91' lang='lat' dir='ltr'><strong>usui</strong></span> <span class='ocrx_word' id='word_1_58' title='bbox 1713 1675 1877 1762; x_wconf 90' lang='lat' dir='ltr'><strong>destinat,</strong></span> <span class='ocrx_word' id='word_1_59' title='bbox 1896 1675 2072 1748; x_wconf 86' lang='lat' dir='ltr'><strong>sedetiam</strong></span> <span class='ocrx_word' id='word_1_60' title='bbox 2091 1676 2127 1746; x_wconf 90' lang='lat' dir='ltr'><strong>in</strong></span> <span class='ocrx_word' id='word_1_61' title='bbox 2141 1675 2407 1766; x_wconf 78' lang='lat' dir='ltr'><strong>promercalibus</strong></span> 
     </span>
     <span class='ocr_line' id='line_1_6' title="bbox 611 1796 2406 1892; baseline 0.001 -23"><span class='ocrx_word' id='word_1_62' title='bbox 611 1801 656 1892; x_wconf 83' lang='lat' dir='ltr'><strong>(v.</strong></span> <span class='ocrx_word' id='word_1_63' title='bbox 679 1803 745 1888; x_wconf 84' lang='lat'><strong>203</strong></span> <span class='ocrx_word' id='word_1_64' title='bbox 765 1798 808 1872; x_wconf 88' lang='lat' dir='ltr'><strong>cf.</strong></span> <span class='ocrx_word' id='word_1_65' title='bbox 829 1799 1041 1890; x_wconf 88' lang='lat' dir='ltr'><strong>Marquardt</strong></span> <span class='ocrx_word' id='word_1_66' title='bbox 1058 1796 1189 1871; x_wconf 88' lang='lat' dir='ltr'><strong>enchir.</strong></span> <span class='ocrx_word' id='word_1_67' title='bbox 1211 1802 1246 1888; x_wconf 85' lang='lat'><strong>3,</strong></span> <span class='ocrx_word' id='word_1_68' title='bbox 1269 1802 1304 1890; x_wconf 85' lang='lat'><strong>2,</strong></span> <span class='ocrx_word' id='word_1_69' title='bbox 1326 1801 1427 1890; x_wconf 80' lang='grc'>209).</span> <span class='ocrx_word' id='word_1_70' title='bbox 1448 1797 1573 1871; x_wconf 90' lang='lat' dir='ltr'><strong>Utrum</strong></span> <span class='ocrx_word' id='word_1_71' title='bbox 1593 1799 1812 1889; x_wconf 84' lang='lat' dir='ltr'><strong>privilegium</strong></span> <span class='ocrx_word' id='word_1_72' title='bbox 1830 1802 1987 1890; x_wconf 90' lang='lat' dir='ltr'><strong>personis</strong></span> <span class='ocrx_word' id='word_1_73' title='bbox 2005 1801 2122 1871; x_wconf 87' lang='lat' dir='ltr'><strong>datum</strong></span> <span class='ocrx_word' id='word_1_74' title='bbox 2140 1801 2186 1872; x_wconf 90' lang='lat' dir='ltr'><strong>sit</strong></span> <span class='ocrx_word' id='word_1_75' title='bbox 2205 1821 2248 1872; x_wconf 90' lang='grc'><strong>00</strong></span> <span class='ocrx_word' id='word_1_76' title='bbox 2266 1802 2352 1889; x_wconf 90' lang='grc'><strong>1000,</strong></span> <span class='ocrx_word' id='word_1_77' title='bbox 2372 1801 2406 1870; x_wconf 92' lang='grc'><strong>11</strong></span> 
     </span>
     <span class='ocr_line' id='line_1_7' title="bbox 611 1921 2407 2016; baseline 0.001 -22"><span class='ocrx_word' id='word_1_78' title='bbox 611 1930 666 1995; x_wconf 87' lang='grc'><strong>001</strong></span> <span class='ocrx_word' id='word_1_79' title='bbox 682 1930 800 1995; x_wconf 74' lang='lat' dir='ltr'><strong>uuum</strong></span> <span class='ocrx_word' id='word_1_80' title='bbox 819 1923 905 1995; x_wconf 90' lang='lat' dir='ltr'><strong>banc</strong></span> <span class='ocrx_word' id='word_1_81' title='bbox 923 1923 1176 1994; x_wconf 87' lang='lat' dir='ltr'><strong>immunitatem</strong></span> <span class='ocrx_word' id='word_1_82' title='bbox 1191 1922 1319 2012; x_wconf 86' lang='lat' dir='ltr'><strong>Tyrani</strong></span> <span class='ocrx_word' id='word_1_83' title='bbox 1337 1922 1521 1994; x_wconf 83' lang='lat' dir='ltr'><strong>habuerint</strong></span> <span class='ocrx_word' id='word_1_84' title='bbox 1538 1942 1600 2012; x_wconf 92' lang='lat' dir='ltr'><strong>per</strong></span> <span class='ocrx_word' id='word_1_85' title='bbox 1617 1921 1796 2012; x_wconf 73' lang='lat' dir='ltr'><strong>Ilipuicum</strong></span> <span class='ocrx_word' id='word_1_86' title='bbox 1815 1924 2012 1996; x_wconf 86' lang='lat' dir='ltr'><strong>universum</strong></span> <span class='ocrx_word' id='word_1_87' title='bbox 2033 1945 2077 1994; x_wconf 88' lang='lat' dir='ltr'><strong>an</strong></span> <span class='ocrx_word' id='word_1_88' title='bbox 2094 1925 2186 2014; x_wconf 94' lang='lat' dir='ltr'><strong>quod</strong></span> <span class='ocrx_word' id='word_1_89' title='bbox 2205 1926 2313 2016; x_wconf 84' lang='lat' dir='ltr'><strong>magis</strong></span> <span class='ocrx_word' id='word_1_90' title='bbox 2331 1945 2407 1995; x_wconf 88' lang='lat' dir='ltr'><strong>ore-</strong></span> 
     </span>
     <span class='ocr_line' id='line_1_8' title="bbox 611 2045 2408 2138; baseline 0.001 -20"><span class='ocrx_word' id='word_1_91' title='bbox 611 2046 758 2119; x_wconf 89' lang='lat' dir='ltr'><strong>diderim</strong></span> <span class='ocrx_word' id='word_1_92' title='bbox 777 2049 812 2117; x_wconf 93' lang='lat' dir='ltr'><strong>in</strong></span> <span class='ocrx_word' id='word_1_93' title='bbox 830 2046 902 2119; x_wconf 90' lang='lat' dir='ltr'><strong>solo</strong></span> <span class='ocrx_word' id='word_1_94' title='bbox 920 2052 1023 2138; x_wconf 93' lang='lat' dir='ltr'><strong>portu</strong></span> <span class='ocrx_word' id='word_1_95' title='bbox 1042 2046 1190 2136; x_wconf 87' lang='lat' dir='ltr'><strong>Tyrano,</strong></span> <span class='ocrx_word' id='word_1_96' title='bbox 1212 2066 1254 2116; x_wconf 88' lang='lat' dir='ltr'><strong>ex</strong></span> <span class='ocrx_word' id='word_1_97' title='bbox 1273 2046 1375 2116; x_wconf 88' lang='lat' dir='ltr'><strong>titulo</strong></span> <span class='ocrx_word' id='word_1_98' title='bbox 1393 2046 1576 2118; x_wconf 90' lang='lat' dir='ltr'><strong>diiudicari</strong></span> <span class='ocrx_word' id='word_1_99' title='bbox 1593 2067 1661 2118; x_wconf 92' lang='lat' dir='ltr'><strong>nou</strong></span> <span class='ocrx_word' id='word_1_100' title='bbox 1680 2052 1830 2136; x_wconf 83' lang='lat' dir='ltr'><strong>potest».</strong></span> <span class='ocrx_word' id='word_1_101' title='bbox 1851 2046 1904 2118; x_wconf 92' lang='lat' dir='ltr'><strong>De</strong></span> <span class='ocrx_word' id='word_1_102' title='bbox 1922 2045 2092 2136; x_wconf 62' lang='lat' dir='ltr'><strong>mantua</strong></span> <span class='ocrx_word' id='word_1_103' title='bbox 2110 2049 2408 2120; x_wconf 78' lang='lat' dir='ltr'><strong>mercimoniouum</strong></span> 
     </span>
     <span class='ocr_line' id='line_1_9' title="bbox 612 2163 2410 2270; baseline 0 -27"><span class='ocrx_word' id='word_1_104' title='bbox 612 2172 658 2264; x_wconf 88' lang='lat' dir='ltr'><strong>(v.</strong></span> <span class='ocrx_word' id='word_1_105' title='bbox 679 2173 743 2262; x_wconf 89' lang='grc'><strong>22)</strong></span> <span class='ocrx_word' id='word_1_106' title='bbox 762 2170 939 2242; x_wconf 89' lang='lat' dir='ltr'><strong>Beckerus</strong></span> <span class='ocrx_word' id='word_1_107' title='bbox 957 2169 1168 2260; x_wconf 82' lang='lat' dir='ltr'><strong>Borghesius</strong></span> <span class='ocrx_word' id='word_1_108' title='bbox 1187 2169 1419 2243; x_wconf 86' lang='lat' dir='ltr'><strong>Mommsenus</strong></span> <span class='ocrx_word' id='word_1_109' title='bbox 1437 2169 1538 2242; x_wconf 85' lang='lat' dir='ltr'><strong>Pauli</strong></span> <span class='ocrx_word' id='word_1_110' title='bbox 1556 2169 1661 2242; x_wconf 86' lang='lat' dir='ltr'><strong>verba</strong></span> <span class='ocrx_word' id='word_1_111' title='bbox 1684 2169 1835 2242; x_wconf 88' lang='lat' dir='ltr'><strong>conferri</strong></span> <span class='ocrx_word' id='word_1_112' title='bbox 1862 2171 1982 2243; x_wconf 90' lang='lat' dir='ltr'><strong>iubent</strong></span> <span class='ocrx_word' id='word_1_113' title='bbox 2000 2171 2081 2262; x_wconf 83' lang='lat' dir='ltr'><strong>Dig.</strong></span> <span class='ocrx_word' id='word_1_114' title='bbox 2103 2163 2162 2260; x_wconf 80' lang='grc'><strong>39,</strong></span> <span class='ocrx_word' id='word_1_115' title='bbox 2185 2177 2221 2261; x_wconf 84' lang='grc'><strong>4,</strong></span> <span class='ocrx_word' id='word_1_116' title='bbox 2241 2179 2281 2244; x_wconf 89' lang='lat'><strong>4:</strong></span> <span class='ocrx_word' id='word_1_117' title='bbox 2309 2173 2410 2270; x_wconf 77' lang='lat' dir='ltr'><strong>dictes</strong></span> 
     </span>
     <span class='ocr_line' id='line_1_10' title="bbox 611 2293 2475 2387; baseline 0.002 -21"><span class='ocrx_word' id='word_1_118' title='bbox 611 2294 815 2367; x_wconf 79' lang='lat' dir='ltr'><strong>Hadrianus</strong></span> <span class='ocrx_word' id='word_1_119' title='bbox 833 2294 982 2384; x_wconf 81' lang='lat' dir='ltr'><strong>scripsit,</strong></span> <span class='ocrx_word' id='word_1_120' title='bbox 1010 2299 1047 2365; x_wconf 87' lang='lat' dir='ltr'><strong>ui</strong></span> <span class='ocrx_word' id='word_1_121' title='bbox 1065 2294 1190 2384; x_wconf 80' lang='lat' dir='ltr'><strong>quoties</strong></span> <span class='ocrx_word' id='word_1_122' title='bbox 1209 2293 1373 2386; x_wconf 85' lang='lat' dir='ltr'><strong>(praeses)</strong></span> <span class='ocrx_word' id='word_1_123' title='bbox 1392 2315 1474 2364; x_wconf 85' lang='lat' dir='ltr'><strong>usus</strong></span> <span class='ocrx_word' id='word_1_124' title='bbox 1491 2295 1546 2365; x_wconf 83' lang='lat' dir='ltr'><strong>sui</strong></span> <span class='ocrx_word' id='word_1_125' title='bbox 1563 2315 1668 2365; x_wconf 83' lang='lat' dir='ltr'><strong>causo</strong></span> <span class='ocrx_word' id='word_1_126' title='bbox 1694 2293 1801 2366; x_wconf 84' lang='lat' dir='ltr'><strong>mittet</strong></span> <span class='ocrx_word' id='word_1_127' title='bbox 1819 2296 1988 2386; x_wconf 77' lang='lat' dir='ltr'><strong>quendam</strong></span> <span class='ocrx_word' id='word_1_128' title='bbox 2015 2302 2218 2386; x_wconf 81' lang='lat' dir='ltr'><strong>empturum,</strong></span> <span class='ocrx_word' id='word_1_129' title='bbox 2246 2295 2409 2387; x_wconf 76' lang='lat' dir='ltr'><strong>sipaipicei</strong></span> <span class='ocrx_word' id='word_1_130' title='bbox 2471 2333 2475 2343; x_wconf 92' lang='lat'>·</span> 
     </span>
     <span class='ocr_line' id='line_1_11' title="bbox 610 2417 2409 2514; baseline 0.002 -25"><span class='ocrx_word' id='word_1_131' title='bbox 610 2417 719 2492; x_wconf 85' lang='lat' dir='ltr'><strong>libello</strong></span> <span class='ocrx_word' id='word_1_132' title='bbox 736 2439 842 2490; x_wconf 82' lang='lat' dir='ltr'><strong>mauu</strong></span> <span class='ocrx_word' id='word_1_133' title='bbox 859 2439 922 2490; x_wconf 86' lang='lat' dir='ltr'><strong>sua</strong></span> <span class='ocrx_word' id='word_1_134' title='bbox 940 2418 1123 2509; x_wconf 72' lang='grc'><strong>0010001010</strong></span> <span class='ocrx_word' id='word_1_135' title='bbox 1142 2439 1279 2509; x_wconf 83' lang='lat' dir='ltr'><strong>eumque</strong></span> <span class='ocrx_word' id='word_1_136' title='bbox 1297 2418 1344 2488; x_wconf 82' lang='lat' dir='ltr'><strong>od</strong></span> <span class='ocrx_word' id='word_1_137' title='bbox 1358 2417 1580 2510; x_wconf 71' lang='lat' dir='ltr'><strong>publicanum</strong></span> <span class='ocrx_word' id='word_1_138' title='bbox 1597 2418 1721 2508; x_wconf 85' lang='lat' dir='ltr'><strong>mittut,</strong></span> <span class='ocrx_word' id='word_1_139' title='bbox 1735 2424 1774 2491; x_wconf 86' lang='lat' dir='ltr'><strong>ut</strong></span> <span class='ocrx_word' id='word_1_140' title='bbox 1787 2419 1818 2492; x_wconf 83' lang='lat' dir='ltr'><strong>si</strong></span> <span class='ocrx_word' id='word_1_141' title='bbox 1832 2419 2076 2514; x_wconf 67' lang='lat' dir='ltr'><strong>qamampttas</strong></span> <span class='ocrx_word' id='word_1_142' title='bbox 2090 2441 2191 2511; x_wconf 83' lang='lat' dir='ltr'><strong>quom</strong></span> <span class='ocrx_word' id='word_1_143' title='bbox 2208 2423 2409 2493; x_wconf 77' lang='grc'><strong>0000101001</strong></span> 
     </span>
     <span class='ocr_line' id='line_1_12' title="bbox 610 2541 2132 2633; baseline 0 -17"><span class='ocrx_word' id='word_1_144' title='bbox 610 2551 660 2616; x_wconf 87' lang='lat' dir='ltr'><strong>est</strong></span> <span class='ocrx_word' id='word_1_145' title='bbox 677 2542 872 2633; x_wconf 68' lang='lat' dir='ltr'><strong>transferet,</strong></span> <span class='ocrx_word' id='word_1_146' title='bbox 891 2541 929 2614; x_wconf 84' lang='lat' dir='ltr'><strong>id</strong></span> <span class='ocrx_word' id='word_1_147' title='bbox 946 2542 1145 2632; x_wconf 68' lang='lat' dir='ltr'><strong>munificum</strong></span> <span class='ocrx_word' id='word_1_148' title='bbox 1162 2543 1217 2616; x_wconf 80' lang='lat' dir='ltr'><strong>sit.</strong></span> <span class='ocrx_word' id='word_1_149' title='bbox 2130 2564 2132 2568; x_wconf 83' lang='lat'>·</span> 
     </span>
    </p>

    <p class='ocr_par' dir='ltr' id='par_1_3' title="bbox 542 2666 2491 4375">
     <span class='ocr_line' id='line_1_13' title="bbox 718 2666 2491 2758; baseline 0.003 -21"><span class='ocrx_word' id='word_1_150' title='bbox 718 2667 772 2738; x_wconf 89' lang='lat' dir='ltr'><strong>De</strong></span> <span class='ocrx_word' id='word_1_151' title='bbox 791 2667 934 2758; x_wconf 83' lang='lat' dir='ltr'><strong>singulis</strong></span> <span class='ocrx_word' id='word_1_152' title='bbox 952 2687 1061 2757; x_wconf 87' lang='lat' dir='ltr'><strong>pauca</strong></span> <span class='ocrx_word' id='word_1_153' title='bbox 1078 2667 1328 2738; x_wconf 78' lang='lat' dir='ltr'><strong>adnotabimus.</strong></span> <span class='ocrx_word' id='word_1_154' title='bbox 1358 2666 1535 2738; x_wconf 87' lang='lat' dir='ltr'><strong>Beckerus</strong></span> <span class='ocrx_word' id='word_1_155' title='bbox 1553 2668 1589 2737; x_wconf 92' lang='grc'><strong>10</strong></span> <span class='ocrx_word' id='word_1_156' title='bbox 1609 2667 1857 2740; x_wconf 88' lang='lat' dir='ltr'><strong>commentario</strong></span> <span class='ocrx_word' id='word_1_157' title='bbox 1874 2668 1921 2758; x_wconf 92' lang='lat' dir='ltr'><strong>(p.</strong></span> <span class='ocrx_word' id='word_1_158' title='bbox 1943 2670 2033 2755; x_wconf 87' lang='lat'>430)</span> <span class='ocrx_word' id='word_1_159' title='bbox 2053 2669 2287 2757; x_wconf 87' lang='lat' dir='ltr'><strong>quaestionem</strong></span> <span class='ocrx_word' id='word_1_160' title='bbox 2311 2670 2409 2740; x_wconf 88' lang='lat' dir='ltr'><strong>insti·</strong></span> <span class='ocrx_word' id='word_1_161' title='bbox 2487 2719 2491 2742; x_wconf 88' lang='lat'><strong>.</strong></span> 
     </span>
     <span class='ocr_line' id='line_1_14' title="bbox 611 2777 2410 2886; baseline 0.001 -24"><span class='ocrx_word' id='word_1_162' title='bbox 611 2792 692 2880; x_wconf 90' lang='lat' dir='ltr'><strong>tuit,</strong></span> <span class='ocrx_word' id='word_1_163' title='bbox 720 2811 790 2880; x_wconf 94' lang='lat' dir='ltr'><strong>quo</strong></span> <span class='ocrx_word' id='word_1_164' title='bbox 811 2791 910 2862; x_wconf 92' lang='lat' dir='ltr'><strong>modo</strong></span> <span class='ocrx_word' id='word_1_165' title='bbox 929 2791 1043 2861; x_wconf 87' lang='lat' dir='ltr'><strong>edicta</strong></span> <span class='ocrx_word' id='word_1_166' title='bbox 1061 2811 1095 2862; x_wconf 89' lang='lat' dir='ltr'><strong>r.</strong></span> <span class='ocrx_word' id='word_1_167' title='bbox 1119 2791 1270 2862; x_wconf 82' lang='lat'>13-15</span> <span class='ocrx_word' id='word_1_168' title='bbox 1290 2777 1479 2862; x_wconf 88' lang='lat' dir='ltr'><strong>memorata</strong></span> <span class='ocrx_word' id='word_1_169' title='bbox 1506 2789 1672 2886; x_wconf 80' lang='lat' dir='ltr'><strong>temporis</strong></span> <span class='ocrx_word' id='word_1_170' title='bbox 1700 2791 1820 2862; x_wconf 90' lang='lat' dir='ltr'><strong>ordine</strong></span> <span class='ocrx_word' id='word_1_171' title='bbox 1849 2810 1925 2861; x_wconf 88' lang='lat' dir='ltr'><strong>sese</strong></span> <span class='ocrx_word' id='word_1_172' title='bbox 1943 2793 2150 2882; x_wconf 81' lang='lat' dir='ltr'><strong>exciperent,</strong></span> <span class='ocrx_word' id='word_1_173' title='bbox 2178 2797 2214 2862; x_wconf 89' lang='grc'><strong>01</strong></span> <span class='ocrx_word' id='word_1_174' title='bbox 2231 2797 2410 2882; x_wconf 86' lang='lat' dir='ltr'><strong>postquam</strong></span> 
     </span>
     <span class='ocr_line' id='line_1_15' title="bbox 612 2912 2409 3007; baseline 0 -21"><span class='ocrx_word' id='word_1_175' title='bbox 612 2915 767 2986; x_wconf 85' lang='lat' dir='ltr'><strong>diversas</strong></span> <span class='ocrx_word' id='word_1_176' title='bbox 783 2913 1029 3004; x_wconf 83' lang='lat' dir='ltr'><strong>explicationes</strong></span> <span class='ocrx_word' id='word_1_177' title='bbox 1044 2915 1180 3004; x_wconf 90' lang='lat' dir='ltr'><strong>copiose</strong></span> <span class='ocrx_word' id='word_1_178' title='bbox 1194 2914 1362 3004; x_wconf 87' lang='lat' dir='ltr'><strong>exposuit,</strong></span> <span class='ocrx_word' id='word_1_179' title='bbox 1383 2913 1435 2984; x_wconf 90' lang='lat' dir='ltr'><strong>M.</strong></span> <span class='ocrx_word' id='word_1_180' title='bbox 1446 2912 1580 2984; x_wconf 86' lang='lat' dir='ltr'><strong>Aurelii</strong></span> <span class='ocrx_word' id='word_1_181' title='bbox 1597 2913 1701 2985; x_wconf 92' lang='lat' dir='ltr'><strong>solius</strong></span> <span class='ocrx_word' id='word_1_182' title='bbox 1719 2913 1868 2985; x_wconf 89' lang='lat' dir='ltr'><strong>edietum</strong></span> <span class='ocrx_word' id='word_1_183' title='bbox 1884 2934 1925 2984; x_wconf 93' lang='grc'><strong>00</strong></span> <span class='ocrx_word' id='word_1_184' title='bbox 1938 2915 2165 3005; x_wconf 87' lang='lat' dir='ltr'><strong>antiquiorem</strong></span> <span class='ocrx_word' id='word_1_185' title='bbox 2176 2930 2258 2986; x_wconf 87' lang='lat' dir='ltr'><strong>&#39;esse</strong></span> <span class='ocrx_word' id='word_1_186' title='bbox 2277 2917 2409 3007; x_wconf 87' lang='lat' dir='ltr'><strong>statuit,</strong></span> 
     </span>
     <span class='ocr_line' id='line_1_16' title="bbox 542 3035 2411 3134; baseline 0.001 -25"><span class='ocrx_word' id='word_1_187' title='bbox 542 3123 549 3134; x_wconf 82' lang='lat'><strong>.</strong></span> <span class='ocrx_word' id='word_1_188' title='bbox 613 3039 704 3128; x_wconf 90' lang='lat' dir='ltr'><strong>quod</strong></span> <span class='ocrx_word' id='word_1_189' title='bbox 730 3037 819 3108; x_wconf 88' lang='lat' dir='ltr'><strong>idem</strong></span> <span class='ocrx_word' id='word_1_190' title='bbox 847 3056 925 3108; x_wconf 90' lang='lat' dir='ltr'><strong>cum</strong></span> <span class='ocrx_word' id='word_1_191' title='bbox 945 3035 985 3107; x_wconf 84' lang='lat' dir='ltr'><strong>L.</strong></span> <span class='ocrx_word' id='word_1_192' title='bbox 1005 3036 1100 3108; x_wconf 91' lang='lat' dir='ltr'><strong>Vero</strong></span> <span class='ocrx_word' id='word_1_193' title='bbox 1127 3037 1290 3128; x_wconf 90' lang='lat' dir='ltr'><strong>dedisset,</strong></span> <span class='ocrx_word' id='word_1_194' title='bbox 1319 3036 1605 3126; x_wconf 73' lang='lat' dir='ltr'><strong>referentiumque</strong></span> <span class='ocrx_word' id='word_1_195' title='bbox 1628 3037 1729 3109; x_wconf 89' lang='lat' dir='ltr'><strong>adid</strong></span> <span class='ocrx_word' id='word_1_196' title='bbox 1752 3045 1888 3129; x_wconf 91' lang='lat' dir='ltr'><strong>tempus</strong></span> <span class='ocrx_word' id='word_1_197' title='bbox 1914 3057 2001 3130; x_wconf 91' lang='lat' dir='ltr'><strong>esse,</strong></span> <span class='ocrx_word' id='word_1_198' title='bbox 2031 3058 2098 3129; x_wconf 93' lang='lat' dir='ltr'><strong>quo</strong></span> <span class='ocrx_word' id='word_1_199' title='bbox 2116 3036 2157 3110; x_wconf 91' lang='lat' dir='ltr'><strong>L.</strong></span> <span class='ocrx_word' id='word_1_200' title='bbox 2180 3038 2292 3110; x_wconf 78' lang='lat' dir='ltr'><strong>Verus</strong></span> <span class='ocrx_word' id='word_1_201' title='bbox 2319 3038 2411 3110; x_wconf 90' lang='lat' dir='ltr'><strong>bello</strong></span> 
     </span>
     <span class='ocr_line' id='line_1_17' title="bbox 611 3160 2407 3262; baseline -0.001 -27"><span class='ocrx_word' id='word_1_202' title='bbox 611 3162 776 3262; x_wconf 77' lang='lat' dir='ltr'><strong>Parthico</strong></span> <span class='ocrx_word' id='word_1_203' title='bbox 794 3182 826 3233; x_wconf 89' lang='lat' dir='ltr'><strong>a.</strong></span> <span class='ocrx_word' id='word_1_204' title='bbox 850 3163 1054 3233; x_wconf 83' lang='grc'><strong>162-165</strong></span> <span class='ocrx_word' id='word_1_205' title='bbox 1075 3167 1262 3252; x_wconf 86' lang='lat' dir='ltr'><strong>occupatus</strong></span> <span class='ocrx_word' id='word_1_206' title='bbox 1289 3161 1324 3232; x_wconf 90' lang='lat' dir='ltr'><strong>in</strong></span> <span class='ocrx_word' id='word_1_207' title='bbox 1343 3160 1484 3233; x_wconf 88' lang='lat' dir='ltr'><strong>Oriente</strong></span> <span class='ocrx_word' id='word_1_208' title='bbox 1512 3165 1613 3252; x_wconf 90' lang='lat' dir='ltr'><strong>esset,</strong></span> <span class='ocrx_word' id='word_1_209' title='bbox 1644 3160 1786 3233; x_wconf 87' lang='lat' dir='ltr'><strong>Marcus</strong></span> <span class='ocrx_word' id='word_1_210' title='bbox 1813 3161 1905 3232; x_wconf 87' lang='lat' dir='ltr'><strong>solus</strong></span> <span class='ocrx_word' id='word_1_211' title='bbox 1927 3161 2109 3252; x_wconf 87' lang='lat' dir='ltr'><strong>imperium</strong></span> <span class='ocrx_word' id='word_1_212' title='bbox 2138 3162 2407 3250; x_wconf 67' lang='lat' dir='ltr'><strong>administrasse</strong></span> 
     </span>
     <span class='ocr_line' id='line_1_18' title="bbox 613 3283 2409 3377; baseline 0 -19"><span class='ocrx_word' id='word_1_213' title='bbox 613 3286 796 3377; x_wconf 88' lang='lat' dir='ltr'><strong>epistulam</strong></span> <span class='ocrx_word' id='word_1_214' title='bbox 822 3306 906 3357; x_wconf 83' lang='lat' dir='ltr'><strong>vero</strong></span> <span class='ocrx_word' id='word_1_215' title='bbox 933 3284 1082 3358; x_wconf 85' lang='lat' dir='ltr'><strong>fratrum</strong></span> <span class='ocrx_word' id='word_1_216' title='bbox 1109 3286 1357 3376; x_wconf 89' lang='lat' dir='ltr'><strong>imperatorum</strong></span> <span class='ocrx_word' id='word_1_217' title='bbox 1385 3295 1462 3375; x_wconf 90' lang='lat' dir='ltr'><strong>post</strong></span> <span class='ocrx_word' id='word_1_218' title='bbox 1486 3285 1573 3356; x_wconf 89' lang='lat' dir='ltr'><strong>Veri</strong></span> <span class='ocrx_word' id='word_1_219' title='bbox 1600 3283 1741 3357; x_wconf 86' lang='lat' dir='ltr'><strong>Romam</strong></span> <span class='ocrx_word' id='word_1_220' title='bbox 1769 3285 1920 3356; x_wconf 90' lang='lat' dir='ltr'><strong>reditum</strong></span> <span class='ocrx_word' id='word_1_221' title='bbox 1947 3286 2041 3356; x_wconf 90' lang='lat' dir='ltr'><strong>intra</strong></span> <span class='ocrx_word' id='word_1_222' title='bbox 2067 3305 2174 3358; x_wconf 88' lang='lat' dir='ltr'><strong>annos</strong></span> <span class='ocrx_word' id='word_1_223' title='bbox 2206 3289 2409 3359; x_wconf 83' lang='lat' dir='ltr'><strong>loo-169</strong></span> 
     </span>
     <span class='ocr_line' id='line_1_19' title="bbox 614 3411 2411 3505; baseline 0 -19"><span class='ocrx_word' id='word_1_224' title='bbox 614 3415 742 3487; x_wconf 84' lang='lat' dir='ltr'><strong>datam.</strong></span> <span class='ocrx_word' id='word_1_225' title='bbox 772 3414 822 3486; x_wconf 85' lang='lat' dir='ltr'><strong>At</strong></span> <span class='ocrx_word' id='word_1_226' title='bbox 840 3415 929 3486; x_wconf 90' lang='lat' dir='ltr'><strong>enim</strong></span> <span class='ocrx_word' id='word_1_227' title='bbox 951 3413 1064 3486; x_wconf 87' lang='lat' dir='ltr'><strong>Verus</strong></span> <span class='ocrx_word' id='word_1_228' title='bbox 1083 3435 1160 3484; x_wconf 90' lang='lat' dir='ltr'><strong>cum</strong></span> <span class='ocrx_word' id='word_1_229' title='bbox 1181 3415 1217 3484; x_wconf 96' lang='lat' dir='ltr'><strong>in</strong></span> <span class='ocrx_word' id='word_1_230' title='bbox 1236 3411 1379 3486; x_wconf 88' lang='lat' dir='ltr'><strong>Oriente</strong></span> <span class='ocrx_word' id='word_1_231' title='bbox 1398 3413 1552 3503; x_wconf 83' lang='lat' dir='ltr'><strong>degeret,</strong></span> <span class='ocrx_word' id='word_1_232' title='bbox 1572 3414 1759 3502; x_wconf 89' lang='lat' dir='ltr'><strong>imperator</strong></span> <span class='ocrx_word' id='word_1_233' title='bbox 1777 3433 1852 3484; x_wconf 90' lang='lat' dir='ltr'><strong>esse</strong></span> <span class='ocrx_word' id='word_1_234' title='bbox 1871 3433 1937 3484; x_wconf 91' lang='lat' dir='ltr'><strong>non</strong></span> <span class='ocrx_word' id='word_1_235' title='bbox 1957 3413 2114 3485; x_wconf 89' lang='lat' dir='ltr'><strong>cessabat</strong></span> <span class='ocrx_word' id='word_1_236' title='bbox 2132 3414 2321 3505; x_wconf 88' lang='lat' dir='ltr'><strong>edictisque</strong></span> <span class='ocrx_word' id='word_1_237' title='bbox 2340 3436 2411 3486; x_wconf 90' lang='lat' dir='ltr'><strong>am·</strong></span> 
     </span>
     <span class='ocr_line' id='line_1_20' title="bbox 613 3537 2412 3629; baseline -0.001 -19"><span class='ocrx_word' id='word_1_238' title='bbox 613 3538 735 3611; x_wconf 91' lang='lat' dir='ltr'><strong>borum</strong></span> <span class='ocrx_word' id='word_1_239' title='bbox 754 3537 902 3610; x_wconf 76' lang='lat' dir='ltr'><strong>bairum</strong></span> <span class='ocrx_word' id='word_1_240' title='bbox 920 3540 1058 3611; x_wconf 88' lang='lat' dir='ltr'><strong>nomina</strong></span> <span class='ocrx_word' id='word_1_241' title='bbox 1077 3537 1415 3629; x_wconf 86' lang='lat' dir='ltr'><strong>praescribebantur.</strong></span> <span class='ocrx_word' id='word_1_242' title='bbox 1443 3538 1526 3610; x_wconf 90' lang='grc'><strong>1100</strong></span> <span class='ocrx_word' id='word_1_243' title='bbox 1549 3537 1764 3628; x_wconf 86' lang='lat' dir='ltr'><strong>probabilius</strong></span> <span class='ocrx_word' id='word_1_244' title='bbox 1784 3537 1884 3610; x_wconf 89' lang='lat' dir='ltr'><strong>nobis</strong></span> <span class='ocrx_word' id='word_1_245' title='bbox 1902 3537 2040 3608; x_wconf 86' lang='lat' dir='ltr'><strong>videtur</strong></span> <span class='ocrx_word' id='word_1_246' title='bbox 2058 3539 2170 3610; x_wconf 91' lang='lat' dir='ltr'><strong>omnia</strong></span> <span class='ocrx_word' id='word_1_247' title='bbox 2187 3539 2302 3610; x_wconf 85' lang='lat' dir='ltr'><strong>edicta</strong></span> <span class='ocrx_word' id='word_1_248' title='bbox 2324 3546 2412 3610; x_wconf 90' lang='lat' dir='ltr'><strong>tem-</strong></span> 
     </span>
     <span class='ocr_line' id='line_1_21' title="bbox 614 3661 2413 3753; baseline -0.001 -18"><span class='ocrx_word' id='word_1_249' title='bbox 614 3665 710 3753; x_wconf 89' lang='lat' dir='ltr'><strong>poris</strong></span> <span class='ocrx_word' id='word_1_250' title='bbox 737 3663 858 3735; x_wconf 89' lang='lat' dir='ltr'><strong>ordine</strong></span> <span class='ocrx_word' id='word_1_251' title='bbox 878 3663 914 3733; x_wconf 92' lang='lat' dir='ltr'><strong>in</strong></span> <span class='ocrx_word' id='word_1_252' title='bbox 932 3663 1034 3735; x_wconf 90' lang='lat' dir='ltr'><strong>titulo</strong></span> <span class='ocrx_word' id='word_1_253' title='bbox 1064 3668 1264 3734; x_wconf 86' lang='lat' dir='ltr'><strong>enumerata</strong></span> <span class='ocrx_word' id='word_1_254' title='bbox 1291 3681 1378 3751; x_wconf 92' lang='lat' dir='ltr'><strong>esse,</strong></span> <span class='ocrx_word' id='word_1_255' title='bbox 1406 3662 1467 3735; x_wconf 89' lang='lat' dir='ltr'><strong>sed</strong></span> <span class='ocrx_word' id='word_1_256' title='bbox 1491 3662 1542 3734; x_wconf 88' lang='lat' dir='ltr'><strong>ita</strong></span> <span class='ocrx_word' id='word_1_257' title='bbox 1564 3667 1603 3732; x_wconf 91' lang='lat' dir='ltr'><strong>ut</strong></span> <span class='ocrx_word' id='word_1_258' title='bbox 1622 3661 1711 3753; x_wconf 92' lang='lat' dir='ltr'><strong>quod</strong></span> <span class='ocrx_word' id='word_1_259' title='bbox 1738 3661 1959 3733; x_wconf 89' lang='lat' dir='ltr'><strong>novissimum</strong></span> <span class='ocrx_word' id='word_1_260' title='bbox 1987 3661 2054 3734; x_wconf 86' lang='lat' dir='ltr'><strong>fuit</strong></span> <span class='ocrx_word' id='word_1_261' title='bbox 2081 3663 2187 3734; x_wconf 90' lang='lat' dir='ltr'><strong>solius</strong></span> <span class='ocrx_word' id='word_1_262' title='bbox 2206 3663 2257 3734; x_wconf 93' lang='grc' dir='ltr'><strong>Μ.</strong></span> <span class='ocrx_word' id='word_1_263' title='bbox 2277 3665 2413 3736; x_wconf 87' lang='lat' dir='ltr'><strong>Aurelii</strong></span> 
     </span>
     <span class='ocr_line' id='line_1_22' title="bbox 615 3783 2413 3879; baseline -0.001 -21"><span class='ocrx_word' id='word_1_264' title='bbox 615 3787 766 3859; x_wconf 91' lang='lat' dir='ltr'><strong>edictum</strong></span> <span class='ocrx_word' id='word_1_265' title='bbox 785 3787 895 3878; x_wconf 90' lang='lat' dir='ltr'><strong>primo</strong></span> <span class='ocrx_word' id='word_1_266' title='bbox 914 3786 991 3859; x_wconf 87' lang='lat' dir='ltr'><strong>loco</strong></span> <span class='ocrx_word' id='word_1_267' title='bbox 1010 3787 1056 3858; x_wconf 92' lang='lat' dir='ltr'><strong>sit</strong></span> <span class='ocrx_word' id='word_1_268' title='bbox 1073 3787 1235 3876; x_wconf 92' lang='lat' dir='ltr'><strong>positum,</strong></span> <span class='ocrx_word' id='word_1_269' title='bbox 1263 3783 1411 3857; x_wconf 89' lang='lat' dir='ltr'><strong>fratrum</strong></span> <span class='ocrx_word' id='word_1_270' title='bbox 1431 3787 1678 3876; x_wconf 85' lang='lat' dir='ltr'><strong>imperatorum</strong></span> <span class='ocrx_word' id='word_1_271' title='bbox 1702 3786 1852 3858; x_wconf 89' lang='lat' dir='ltr'><strong>edictum</strong></span> <span class='ocrx_word' id='word_1_272' title='bbox 1880 3786 2054 3876; x_wconf 88' lang='lat' dir='ltr'><strong>antiquius</strong></span> <span class='ocrx_word' id='word_1_273' title='bbox 2073 3792 2250 3879; x_wconf 90' lang='lat' dir='ltr'><strong>sequatur,</strong></span> <span class='ocrx_word' id='word_1_274' title='bbox 2271 3787 2413 3860; x_wconf 87' lang='lat' dir='ltr'><strong>Antonii</strong></span> 
     </span>
     <span class='ocr_line' id='line_1_23' title="bbox 569 3909 2412 4006; baseline 0 -23"><span class='ocrx_word' id='word_1_275' title='bbox 569 3997 571 4006; x_wconf 38' lang='lat'><strong>,</strong></span> <span class='ocrx_word' id='word_1_276' title='bbox 614 3911 737 3983; x_wconf 89' lang='lat' dir='ltr'><strong>Hiberi</strong></span> <span class='ocrx_word' id='word_1_277' title='bbox 756 3910 907 3982; x_wconf 90' lang='lat' dir='ltr'><strong>edictum</strong></span> <span class='ocrx_word' id='word_1_278' title='bbox 934 3911 1207 4002; x_wconf 90' lang='lat' dir='ltr'><strong>antiquissimum</strong></span> <span class='ocrx_word' id='word_1_279' title='bbox 1225 3910 1347 3982; x_wconf 91' lang='lat' dir='ltr'><strong>ultimo</strong></span> <span class='ocrx_word' id='word_1_280' title='bbox 1366 3917 1591 3982; x_wconf 88' lang='lat' dir='ltr'><strong>memoratum</strong></span> <span class='ocrx_word' id='word_1_281' title='bbox 1610 3912 1657 3982; x_wconf 90' lang='lat' dir='ltr'><strong>sit</strong></span> <span class='ocrx_word' id='word_1_282' title='bbox 1675 3911 1766 4000; x_wconf 88' lang='lat' dir='ltr'><strong>loco;</strong></span> <span class='ocrx_word' id='word_1_283' title='bbox 1796 3930 1942 4001; x_wconf 91' lang='lat' dir='ltr'><strong>cumque</strong></span> <span class='ocrx_word' id='word_1_284' title='bbox 1968 3909 2151 3982; x_wconf 89' lang='lat' dir='ltr'><strong>admodum</strong></span> <span class='ocrx_word' id='word_1_285' title='bbox 2171 3912 2217 3984; x_wconf 89' lang='lat' dir='ltr'><strong>sit</strong></span> <span class='ocrx_word' id='word_1_286' title='bbox 2235 3911 2412 4001; x_wconf 89' lang='lat' dir='ltr'><strong>probabile</strong></span> 
     </span>
     <span class='ocr_line' id='line_1_24' title="bbox 614 4033 2407 4126; baseline -0.001 -20"><span class='ocrx_word' id='word_1_287' title='bbox 614 4054 819 4126; x_wconf 92' lang='lat' dir='ltr'><strong>unoquoque</strong></span> <span class='ocrx_word' id='word_1_288' title='bbox 836 4034 949 4107; x_wconf 88' lang='lat' dir='ltr'><strong>edicto</strong></span> <span class='ocrx_word' id='word_1_289' title='bbox 966 4035 1000 4105; x_wconf 94' lang='lat' dir='ltr'><strong>in</strong></span> <span class='ocrx_word' id='word_1_290' title='bbox 1019 4054 1059 4106; x_wconf 92' lang='lat' dir='ltr'><strong>eo</strong></span> <span class='ocrx_word' id='word_1_291' title='bbox 1077 4034 1169 4124; x_wconf 92' lang='lat' dir='ltr'><strong>quod</strong></span> <span class='ocrx_word' id='word_1_292' title='bbox 1187 4034 1410 4123; x_wconf 87' lang='lat' dir='ltr'><strong>praecederet</strong></span> <span class='ocrx_word' id='word_1_293' title='bbox 1428 4033 1559 4123; x_wconf 91' lang='lat' dir='ltr'><strong>aliquid</strong></span> <span class='ocrx_word' id='word_1_294' title='bbox 1577 4039 1748 4105; x_wconf 88' lang='lat' dir='ltr'><strong>mutatum</strong></span> <span class='ocrx_word' id='word_1_295' title='bbox 1768 4053 1843 4105; x_wconf 90' lang='lat' dir='ltr'><strong>esse</strong></span> <span class='ocrx_word' id='word_1_296' title='bbox 1862 4035 1917 4105; x_wconf 88' lang='lat' dir='ltr'><strong>vel</strong></span> <span class='ocrx_word' id='word_1_297' title='bbox 1935 4034 2162 4126; x_wconf 89' lang='lat' dir='ltr'><strong>antiquatum,</strong></span> <span class='ocrx_word' id='word_1_298' title='bbox 2186 4033 2286 4107; x_wconf 85' lang='lat' dir='ltr'><strong>facile</strong></span> <span class='ocrx_word' id='word_1_299' title='bbox 2305 4036 2407 4107; x_wconf 90' lang='lat' dir='ltr'><strong>intel·</strong></span> 
     </span>
     <span class='ocr_line' id='line_1_25' title="bbox 613 4157 2410 4250; baseline 0.001 -20"><span class='ocrx_word' id='word_1_300' title='bbox 613 4159 743 4249; x_wconf 85' lang='lat' dir='ltr'><strong>legitur</strong></span> <span class='ocrx_word' id='word_1_301' title='bbox 767 4158 888 4231; x_wconf 86' lang='lat' dir='ltr'><strong>Severi</strong></span> <span class='ocrx_word' id='word_1_302' title='bbox 910 4164 947 4230; x_wconf 90' lang='lat' dir='ltr'><strong>et</strong></span> <span class='ocrx_word' id='word_1_303' title='bbox 964 4157 1162 4230; x_wconf 77' lang='lat' dir='ltr'><strong>Caracallus</strong></span> <span class='ocrx_word' id='word_1_304' title='bbox 1179 4159 1395 4250; x_wconf 89' lang='lat' dir='ltr'><strong>temporibus</strong></span> <span class='ocrx_word' id='word_1_305' title='bbox 1413 4157 1464 4229; x_wconf 89' lang='lat' dir='ltr'><strong>M.</strong></span> <span class='ocrx_word' id='word_1_306' title='bbox 1483 4157 1617 4230; x_wconf 90' lang='lat' dir='ltr'><strong>Aurelii</strong></span> <span class='ocrx_word' id='word_1_307' title='bbox 1640 4158 1790 4231; x_wconf 90' lang='lat' dir='ltr'><strong>edictum</strong></span> <span class='ocrx_word' id='word_1_308' title='bbox 1814 4159 2035 4230; x_wconf 83' lang='lat' dir='ltr'><strong>novissimum</strong></span> <span class='ocrx_word' id='word_1_309' title='bbox 2053 4179 2136 4249; x_wconf 87' lang='lat' dir='ltr'><strong>prae</strong></span> <span class='ocrx_word' id='word_1_310' title='bbox 2157 4159 2282 4232; x_wconf 88' lang='lat' dir='ltr'><strong>ceteris</strong></span> <span class='ocrx_word' id='word_1_311' title='bbox 2300 4159 2410 4250; x_wconf 82' lang='lat' dir='ltr'><strong>magis</strong></span> 
     </span>
     <span class='ocr_line' id='line_1_26' title="bbox 614 4282 1419 4375; baseline 0.001 -22"><span class='ocrx_word' id='word_1_312' title='bbox 614 4282 760 4355; x_wconf 86' lang='lat' dir='ltr'><strong>valuisse</strong></span> <span class='ocrx_word' id='word_1_313' title='bbox 778 4283 924 4373; x_wconf 88' lang='lat' dir='ltr'><strong>ideoque</strong></span> <span class='ocrx_word' id='word_1_314' title='bbox 941 4283 1053 4375; x_wconf 91' lang='lat' dir='ltr'><strong>primo</strong></span> <span class='ocrx_word' id='word_1_315' title='bbox 1071 4282 1146 4355; x_wconf 92' lang='grc'><strong>1000</strong></span> <span class='ocrx_word' id='word_1_316' title='bbox 1165 4303 1240 4354; x_wconf 92' lang='lat' dir='ltr'><strong>esse</strong></span> <span class='ocrx_word' id='word_1_317' title='bbox 1257 4283 1419 4373; x_wconf 90' lang='lat' dir='ltr'><strong>positum.</strong></span> 
     </span>
    </p>

    <p class='ocr_par' dir='ltr' id='par_1_4' title="bbox 614 4405 2445 5989">
     <span class='ocr_line' id='line_1_27' title="bbox 722 4405 2414 4498; baseline -0.001 -21"><span class='ocrx_word' id='word_1_318' title='bbox 722 4407 775 4478; x_wconf 89' lang='lat' dir='ltr'><strong>De</strong></span> <span class='ocrx_word' id='word_1_319' title='bbox 793 4406 934 4496; x_wconf 86' lang='lat' dir='ltr'><strong>Illyrico</strong></span> <span class='ocrx_word' id='word_1_320' title='bbox 951 4407 998 4498; x_wconf 87' lang='lat' dir='ltr'><strong>(v.</strong></span> <span class='ocrx_word' id='word_1_321' title='bbox 1020 4405 1084 4496; x_wconf 83' lang='lat'><strong>23)</strong></span> <span class='ocrx_word' id='word_1_322' title='bbox 1102 4406 1187 4478; x_wconf 87' lang='lat' dir='ltr'><strong>baec</strong></span> <span class='ocrx_word' id='word_1_323' title='bbox 1206 4405 1324 4478; x_wconf 88' lang='lat' dir='ltr'><strong>docuit</strong></span> <span class='ocrx_word' id='word_1_324' title='bbox 1346 4405 1545 4477; x_wconf 90' lang='lat' dir='ltr'><strong>Henzenus:</strong></span> <span class='ocrx_word' id='word_1_325' title='bbox 1567 4431 1594 4477; x_wconf 77' lang='grc' dir='ltr'><strong>α.</strong></span> <span class='ocrx_word' id='word_1_326' title='bbox 1610 4461 1617 4476; x_wconf 90' lang='grc'><strong>.</strong></span> <span class='ocrx_word' id='word_1_327' title='bbox 1632 4411 1743 4477; x_wconf 69' lang='lat' dir='ltr'><strong>tutte</strong></span> <span class='ocrx_word' id='word_1_328' title='bbox 1762 4409 1794 4476; x_wconf 89' lang='lat' dir='ltr'><strong>ie</strong></span> <span class='ocrx_word' id='word_1_329' title='bbox 1811 4405 1987 4495; x_wconf 82' lang='lat' dir='ltr'><strong>provincie</strong></span> <span class='ocrx_word' id='word_1_330' title='bbox 2006 4425 2183 4496; x_wconf 88' lang='lat' dir='ltr'><strong>compress</strong></span> <span class='ocrx_word' id='word_1_331' title='bbox 2202 4406 2257 4478; x_wconf 89' lang='lat' dir='ltr'><strong>da’</strong></span> <span class='ocrx_word' id='word_1_332' title='bbox 2268 4405 2414 4478; x_wconf 86' lang='lat' dir='ltr'><strong>Romani</strong></span> 
     </span>
     <span class='ocr_line' id='line_1_28' title="bbox 614 4527 2415 4620; baseline 0 -20"><span class='ocrx_word' id='word_1_333' title='bbox 614 4534 706 4601; x_wconf 90' lang='lat' dir='ltr'><strong>sotto</strong></span> <span class='ocrx_word' id='word_1_334' title='bbox 724 4530 750 4601; x_wconf 94' lang='lat' dir='ltr'><strong>il</strong></span> <span class='ocrx_word' id='word_1_335' title='bbox 768 4549 868 4601; x_wconf 90' lang='lat' dir='ltr'><strong>nome</strong></span> <span class='ocrx_word' id='word_1_336' title='bbox 887 4549 1030 4602; x_wconf 89' lang='lat' dir='ltr'><strong>comune</strong></span> <span class='ocrx_word' id='word_1_337' title='bbox 1057 4528 1091 4601; x_wconf 91' lang='lat' dir='ltr'><strong>d’</strong></span> <span class='ocrx_word' id='word_1_338' title='bbox 1113 4527 1296 4620; x_wconf 70' lang='lat' dir='ltr'><strong>Illyrium</strong></span> <span class='ocrx_word' id='word_1_339' title='bbox 1323 4527 1520 4602; x_wconf 85' lang='lat' dir='ltr'><strong>iormavano</strong></span> <span class='ocrx_word' id='word_1_340' title='bbox 1540 4549 1586 4600; x_wconf 95' lang='lat' dir='ltr'><strong>un</strong></span> <span class='ocrx_word' id='word_1_341' title='bbox 1606 4529 1658 4601; x_wconf 92' lang='lat' dir='ltr'><strong>soi</strong></span> <span class='ocrx_word' id='word_1_342' title='bbox 1677 4529 1865 4620; x_wconf 91' lang='lat' dir='ltr'><strong>complesso</strong></span> <span class='ocrx_word' id='word_1_343' title='bbox 1888 4529 2067 4620; x_wconf 83' lang='lat' dir='ltr'><strong>doganaIe,</strong></span> <span class='ocrx_word' id='word_1_344' title='bbox 2095 4530 2415 4620; x_wconf 88' lang='lat' dir='ltr'><strong>corrispondentea</strong></span> 
     </span>
     <span class='ocr_line' id='line_1_29' title="bbox 615 4650 2414 4745; baseline 0 -21"><span class='ocrx_word' id='word_1_345' title='bbox 615 4653 728 4743; x_wconf 92' lang='lat' dir='ltr'><strong>quello</strong></span> <span class='ocrx_word' id='word_1_346' title='bbox 747 4653 835 4724; x_wconf 91' lang='lat' dir='ltr'><strong>delle</strong></span> <span class='ocrx_word' id='word_1_347' title='bbox 854 4651 966 4725; x_wconf 85' lang='lat' dir='ltr'><strong>Gallie</strong></span> <span class='ocrx_word' id='word_1_348' title='bbox 985 4654 1040 4726; x_wconf 93' lang='lat' dir='ltr'><strong>col</strong></span> <span class='ocrx_word' id='word_1_349' title='bbox 1059 4654 1160 4743; x_wconf 89' lang='lat' dir='ltr'><strong>quale</strong></span> <span class='ocrx_word' id='word_1_350' title='bbox 1179 4651 1354 4725; x_wconf 83' lang='lat' dir='ltr'><strong>confidere</strong></span> <span class='ocrx_word' id='word_1_351' title='bbox 1371 4651 1430 4745; x_wconf 84' lang='grc'><strong>(01.</strong></span> <span class='ocrx_word' id='word_1_352' title='bbox 1455 4652 1660 4743; x_wconf 91' lang='lat' dir='ltr'><strong>Mommsen,</strong></span> <span class='ocrx_word' id='word_1_353' title='bbox 1687 4651 1742 4724; x_wconf 83' lang='lat' dir='ltr'><strong>die</strong></span> <span class='ocrx_word' id='word_1_354' title='bbox 1760 4650 1905 4724; x_wconf 76' lang='lat' dir='ltr'><strong>Soloeis</strong></span> <span class='ocrx_word' id='word_1_355' title='bbox 1930 4653 1970 4724; x_wconf 82' lang='lat' dir='ltr'><strong>in</strong></span> <span class='ocrx_word' id='word_1_356' title='bbox 1992 4651 2190 4726; x_wconf 71' lang='lat' dir='ltr'><strong>Romamn</strong></span> <span class='ocrx_word' id='word_1_357' title='bbox 2205 4652 2281 4726; x_wconf 80' lang='lat' dir='ltr'><strong>Zcit</strong></span> <span class='ocrx_word' id='word_1_358' title='bbox 2308 4675 2339 4744; x_wconf 95' lang='lat' dir='ltr'><strong>p.</strong></span> <span class='ocrx_word' id='word_1_359' title='bbox 2365 4652 2414 4743; x_wconf 85' lang='lat'><strong>8).</strong></span> 
     </span>
     <span class='ocr_line' id='line_1_30' title="bbox 614 4767 2416 4876; baseline 0.001 -28"><span class='ocrx_word' id='word_1_360' title='bbox 614 4775 670 4848; x_wconf 89' lang='lat' dir='ltr'><strong>Ed</strong></span> <span class='ocrx_word' id='word_1_361' title='bbox 690 4797 794 4849; x_wconf 89' lang='lat' dir='ltr'><strong>erano</strong></span> <span class='ocrx_word' id='word_1_362' title='bbox 821 4777 934 4868; x_wconf 88' lang='lat' dir='ltr'><strong>quella</strong></span> <span class='ocrx_word' id='word_1_363' title='bbox 961 4778 1150 4870; x_wconf 89' lang='lat' dir='ltr'><strong>provincie,</strong></span> <span class='ocrx_word' id='word_1_364' title='bbox 1180 4778 1329 4850; x_wconf 90' lang='lat' dir='ltr'><strong>secondo</strong></span> <span class='ocrx_word' id='word_1_365' title='bbox 1355 4779 1388 4850; x_wconf 89' lang='lat' dir='ltr'><strong>ci</strong></span> <span class='ocrx_word' id='word_1_366' title='bbox 1409 4797 1515 4850; x_wconf 88' lang='lat' dir='ltr'><strong>narra</strong></span> <span class='ocrx_word' id='word_1_367' title='bbox 1532 4777 1689 4868; x_wconf 91' lang='lat' dir='ltr'><strong>Appiano</strong></span> <span class='ocrx_word' id='word_1_368' title='bbox 1708 4776 1807 4869; x_wconf 86' lang='lat' dir='ltr'><strong>Illyr.</strong></span> <span class='ocrx_word' id='word_1_369' title='bbox 1829 4781 1850 4850; x_wconf 86' lang='lat'><strong>6</strong></span> <span class='ocrx_word' id='word_1_370' title='bbox 1878 4775 1931 4869; x_wconf 78' lang='grc' dir='ltr'><strong>[τὸ</strong></span> <span class='ocrx_word' id='word_1_371' title='bbox 1958 4774 2055 4859; x_wconf 75' lang='grc' dir='ltr'>τέλος</span> <span class='ocrx_word' id='word_1_372' title='bbox 2081 4767 2187 4850; x_wconf 82' lang='grc' dir='ltr'>τῶνδε</span> <span class='ocrx_word' id='word_1_373' title='bbox 2206 4789 2282 4876; x_wconf 79' lang='grc' dir='ltr'><strong>Ι000</strong></span> <span class='ocrx_word' id='word_1_374' title='bbox 2310 4779 2416 4850; x_wconf 60' lang='lat' dir='ltr'><strong>moos</strong></span> 
     </span>
     <span class='ocr_line' id='line_1_31' title="bbox 614 4896 2415 5000; baseline 0.002 -31"><span class='ocrx_word' id='word_1_375' title='bbox 614 4899 680 4969; x_wconf 80' lang='grc' dir='ltr'><strong>ἀπὸ</strong></span> <span class='ocrx_word' id='word_1_376' title='bbox 699 4899 896 5000; x_wconf 76' lang='grc' dir='ltr'>ἀνίσχοντος</span> <span class='ocrx_word' id='word_1_377' title='bbox 916 4896 1052 4997; x_wconf 81' lang='grc' dir='ltr'>Ἴστρου</span> <span class='ocrx_word' id='word_1_378' title='bbox 1071 4899 1171 5000; x_wconf 77' lang='grc' dir='ltr'>μέχρι</span> <span class='ocrx_word' id='word_1_379' title='bbox 1188 4906 1251 4994; x_wconf 83' lang='grc' dir='ltr'><strong>τῆς</strong></span> <span class='ocrx_word' id='word_1_380' title='bbox 1269 4906 1436 4995; x_wconf 79' lang='grc' dir='ltr'>Ποντικῆς</span> <span class='ocrx_word' id='word_1_381' title='bbox 1454 4897 1635 4992; x_wconf 75' lang='grc' dir='ltr'>θαλάσσης</span> <span class='ocrx_word' id='word_1_382' title='bbox 1659 4896 1715 4994; x_wconf 75' lang='grc' dir='ltr'><strong>ὑφ’</strong></span> <span class='ocrx_word' id='word_1_383' title='bbox 1732 4902 1767 4970; x_wconf 76' lang='grc' dir='ltr'><strong>ἓν</strong></span> <span class='ocrx_word' id='word_1_384' title='bbox 1790 4901 1984 4997; x_wconf 80' lang='grc' dir='ltr'>ἑκμισθοῦσι</span> <span class='ocrx_word' id='word_1_385' title='bbox 2003 4898 2185 4997; x_wconf 80' lang='grc' dir='ltr'>(Ῥωμαῖοι)</span> <span class='ocrx_word' id='word_1_386' title='bbox 2204 4905 2258 4971; x_wconf 76' lang='grc' dir='ltr'><strong>καὶ</strong></span> <span class='ocrx_word' id='word_1_387' title='bbox 2276 4897 2415 5000; x_wconf 80' lang='grc' dir='ltr'>Ἰλλυρι-</span> 
     </span>
     <span class='ocr_line' id='line_1_32' title="bbox 614 5017 2445 5123; baseline 0.002 -29"><span class='ocrx_word' id='word_1_388' title='bbox 614 5027 672 5095; x_wconf 82' lang='grc' dir='ltr'><strong>κὸν</strong></span> <span class='ocrx_word' id='word_1_389' title='bbox 691 5022 787 5107; x_wconf 75' lang='grc' dir='ltr'>τέλος</span> <span class='ocrx_word' id='word_1_390' title='bbox 806 5024 1140 5123; x_wconf 81' lang='grc' dir='ltr'>προσαγορεὺουσιν],</span> <span class='ocrx_word' id='word_1_391' title='bbox 1161 5025 1249 5099; x_wconf 83' lang='lat' dir='ltr'><strong>ultre</strong></span> <span class='ocrx_word' id='word_1_392' title='bbox 1268 5026 1292 5097; x_wconf 88' lang='lat' dir='ltr'><strong>l’</strong></span> <span class='ocrx_word' id='word_1_393' title='bbox 1307 5027 1442 5098; x_wconf 84' lang='lat' dir='ltr'><strong>Illirico</strong></span> <span class='ocrx_word' id='word_1_394' title='bbox 1461 5027 1601 5118; x_wconf 87' lang='lat' dir='ltr'><strong>proprio</strong></span> <span class='ocrx_word' id='word_1_395' title='bbox 1621 5025 1763 5098; x_wconf 81' lang='grc'><strong>(00010</strong></span> <span class='ocrx_word' id='word_1_396' title='bbox 1782 5026 1871 5098; x_wconf 79' lang='lat' dir='ltr'><strong>altre</strong></span> <span class='ocrx_word' id='word_1_397' title='bbox 1890 5026 2018 5098; x_wconf 82' lang='lat' dir='ltr'><strong>situate</strong></span> <span class='ocrx_word' id='word_1_398' title='bbox 2037 5026 2069 5098; x_wconf 85' lang='lat' dir='ltr'><strong>al</strong></span> <span class='ocrx_word' id='word_1_399' title='bbox 2088 5026 2256 5116; x_wconf 82' lang='lat' dir='ltr'><strong>meriggio</strong></span> <span class='ocrx_word' id='word_1_400' title='bbox 2275 5025 2330 5098; x_wconf 91' lang='lat' dir='ltr'><strong>del</strong></span> <span class='ocrx_word' id='word_1_401' title='bbox 2343 5026 2414 5098; x_wconf 84' lang='lat' dir='ltr'><strong>Da·</strong></span> <span class='ocrx_word' id='word_1_402' title='bbox 2443 5017 2445 5022; x_wconf 36' lang='lat'><strong>¹</strong></span> 
     </span>
     <span class='ocr_line' id='line_1_33' title="bbox 614 5147 2416 5244; baseline 0.001 -24"><span class='ocrx_word' id='word_1_403' title='bbox 614 5148 733 5238; x_wconf 90' lang='lat' dir='ltr'><strong>nubio,</strong></span> <span class='ocrx_word' id='word_1_404' title='bbox 753 5149 831 5221; x_wconf 86' lang='lat' dir='ltr'><strong>ruo&#39;</strong></span> <span class='ocrx_word' id='word_1_405' title='bbox 851 5150 926 5221; x_wconf 93' lang='lat' dir='ltr'><strong>dire</strong></span> <span class='ocrx_word' id='word_1_406' title='bbox 943 5149 979 5221; x_wconf 93' lang='grc'><strong>10</strong></span> <span class='ocrx_word' id='word_1_407' title='bbox 996 5147 1114 5241; x_wconf 87' lang='lat' dir='ltr'><strong>Rezia,</strong></span> <span class='ocrx_word' id='word_1_408' title='bbox 1133 5150 1159 5221; x_wconf 92' lang='lat' dir='ltr'><strong>il</strong></span> <span class='ocrx_word' id='word_1_409' title='bbox 1176 5149 1315 5244; x_wconf 88' lang='lat' dir='ltr'><strong>Norico,</strong></span> <span class='ocrx_word' id='word_1_410' title='bbox 1334 5151 1367 5223; x_wconf 92' lang='grc'><strong>10</strong></span> <span class='ocrx_word' id='word_1_411' title='bbox 1386 5150 1562 5222; x_wconf 88' lang='grc' dir='ltr'><strong>Ρο000010</strong></span> <span class='ocrx_word' id='word_1_412' title='bbox 1581 5170 1601 5221; x_wconf 91' lang='grc'><strong>0</strong></span> <span class='ocrx_word' id='word_1_413' title='bbox 1617 5149 1651 5220; x_wconf 89' lang='grc'><strong>10</strong></span> <span class='ocrx_word' id='word_1_414' title='bbox 1670 5149 1792 5222; x_wconf 88' lang='grc' dir='ltr'><strong>Μο010.</strong></span> <span class='ocrx_word' id='word_1_415' title='bbox 1820 5150 1867 5220; x_wconf 94' lang='lat' dir='ltr'><strong>Di</strong></span> <span class='ocrx_word' id='word_1_416' title='bbox 1886 5169 1959 5222; x_wconf 89' lang='lat' dir='ltr'><strong>esse</strong></span> <span class='ocrx_word' id='word_1_417' title='bbox 1981 5151 2116 5222; x_wconf 86' lang='lat' dir='ltr'><strong>nerrooi</strong></span> <span class='ocrx_word' id='word_1_418' title='bbox 2143 5158 2416 5242; x_wconf 85' lang='lat' dir='ltr'><strong>capressamente</strong></span> 
     </span>
     <span class='ocr_line' id='line_1_34' title="bbox 615 5271 2416 5365; baseline 0.001 -23"><span class='ocrx_word' id='word_1_419' title='bbox 615 5272 640 5343; x_wconf 93' lang='lat' dir='ltr'><strong>il</strong></span> <span class='ocrx_word' id='word_1_420' title='bbox 654 5271 770 5344; x_wconf 86' lang='grc'><strong>101010</strong></span> <span class='ocrx_word' id='word_1_421' title='bbox 784 5277 919 5363; x_wconf 88' lang='lat' dir='ltr'><strong>autore,</strong></span> <span class='ocrx_word' id='word_1_422' title='bbox 940 5273 1066 5344; x_wconf 89' lang='lat' dir='ltr'><strong>essersi</strong></span> <span class='ocrx_word' id='word_1_423' title='bbox 1081 5274 1293 5346; x_wconf 87' lang='lat' dir='ltr'><strong>unitamente</strong></span> <span class='ocrx_word' id='word_1_424' title='bbox 1307 5273 1456 5347; x_wconf 86' lang='lat' dir='ltr'><strong>affittuta</strong></span> <span class='ocrx_word' id='word_1_425' title='bbox 1471 5274 1504 5346; x_wconf 93' lang='grc'><strong>10</strong></span> <span class='ocrx_word' id='word_1_426' title='bbox 1517 5273 1652 5346; x_wconf 85' lang='lat' dir='ltr'><strong>randite</strong></span> <span class='ocrx_word' id='word_1_427' title='bbox 1668 5272 1838 5365; x_wconf 84' lang='lat' dir='ltr'><strong>doganali,</strong></span> <span class='ocrx_word' id='word_1_428' title='bbox 1853 5271 2106 5363; x_wconf 82' lang='lat' dir='ltr'><strong>qualificandosi</strong></span> <span class='ocrx_word' id='word_1_429' title='bbox 2120 5295 2213 5347; x_wconf 90' lang='lat' dir='ltr'><strong>come</strong></span> <span class='ocrx_word' id='word_1_430' title='bbox 2225 5275 2416 5365; x_wconf 76' lang='lat' dir='ltr'><strong>potorium</strong></span> 
     </span>
     <span class='ocr_line' id='line_1_35' title="bbox 615 5390 2415 5497; baseline 0.002 -29"><span class='ocrx_word' id='word_1_431' title='bbox 615 5393 809 5487; x_wconf 74' lang='lat' dir='ltr'><strong>Illyricum,</strong></span> <span class='ocrx_word' id='word_1_432' title='bbox 829 5396 919 5468; x_wconf 89' lang='grc'><strong>00010</strong></span> <span class='ocrx_word' id='word_1_433' title='bbox 937 5397 972 5467; x_wconf 89' lang='grc'><strong>10</strong></span> <span class='ocrx_word' id='word_1_434' title='bbox 989 5416 1094 5486; x_wconf 82' lang='lat' dir='ltr'><strong>greco</strong></span> <span class='ocrx_word' id='word_1_435' title='bbox 1112 5395 1210 5480; x_wconf 71' lang='grc' dir='ltr'>τέλος</span> <span class='ocrx_word' id='word_1_436' title='bbox 1227 5390 1419 5497; x_wconf 76' lang='grc' dir='ltr'>Ἰλλυρικόν.</span> <span class='ocrx_word' id='word_1_437' title='bbox 1445 5398 1498 5470; x_wconf 87' lang='lat' dir='ltr'><strong>La</strong></span> <span class='ocrx_word' id='word_1_438' title='bbox 1518 5397 1618 5490; x_wconf 87' lang='lat' dir='ltr'><strong>quale</strong></span> <span class='ocrx_word' id='word_1_439' title='bbox 1637 5417 1718 5469; x_wconf 89' lang='lat' dir='ltr'><strong>cosa</strong></span> <span class='ocrx_word' id='word_1_440' title='bbox 1736 5397 1894 5488; x_wconf 88' lang='lat' dir='ltr'><strong>adunque</strong></span> <span class='ocrx_word' id='word_1_441' title='bbox 1914 5397 1991 5469; x_wconf 84' lang='lat' dir='ltr'><strong>rien</strong></span> <span class='ocrx_word' id='word_1_442' title='bbox 2008 5399 2265 5489; x_wconf 80' lang='lat' dir='ltr'><strong>egregiamento</strong></span> <span class='ocrx_word' id='word_1_443' title='bbox 2283 5397 2415 5471; x_wconf 87' lang='lat' dir='ltr'><strong>conier-</strong></span> 
     </span>
     <span class='ocr_line' id='line_1_36' title="bbox 616 5507 2415 5613; baseline 0.002 -23"><span class='ocrx_word' id='word_1_444' title='bbox 616 5525 709 5592; x_wconf 87' lang='lat' dir='ltr'><strong>mata</strong></span> <span class='ocrx_word' id='word_1_445' title='bbox 727 5519 819 5592; x_wconf 87' lang='lat' dir='ltr'><strong>dalla</strong></span> <span class='ocrx_word' id='word_1_446' title='bbox 843 5521 958 5612; x_wconf 90' lang='lat' dir='ltr'><strong>lapide</strong></span> <span class='ocrx_word' id='word_1_447' title='bbox 976 5526 1104 5612; x_wconf 90' lang='lat' dir='ltr'><strong>nostra,</strong></span> <span class='ocrx_word' id='word_1_448' title='bbox 1133 5521 1169 5592; x_wconf 91' lang='lat' dir='ltr'><strong>in</strong></span> <span class='ocrx_word' id='word_1_449' title='bbox 1197 5523 1253 5594; x_wconf 92' lang='lat' dir='ltr'><strong>cui</strong></span> <span class='ocrx_word' id='word_1_450' title='bbox 1271 5542 1427 5612; x_wconf 84' lang='lat' dir='ltr'><strong>vengouo</strong></span> <span class='ocrx_word' id='word_1_451' title='bbox 1455 5523 1613 5594; x_wconf 86' lang='lat' dir='ltr'><strong>ordinate</strong></span> <span class='ocrx_word' id='word_1_452' title='bbox 1640 5523 1769 5594; x_wconf 91' lang='lat' dir='ltr'><strong>misure</strong></span> <span class='ocrx_word' id='word_1_453' title='bbox 1796 5507 2053 5613; x_wconf 61' lang='lat' dir='ltr'><strong>pcr&#39;impedire</strong></span> <span class='ocrx_word' id='word_1_454' title='bbox 2072 5524 2135 5595; x_wconf 85' lang='lat' dir='ltr'><strong>cbo</strong></span> <span class='ocrx_word' id='word_1_455' title='bbox 2153 5523 2177 5594; x_wconf 93' lang='lat' dir='ltr'><strong>il</strong></span> <span class='ocrx_word' id='word_1_456' title='bbox 2196 5521 2306 5595; x_wconf 87' lang='lat' dir='ltr'><strong>lrutto</strong></span> <span class='ocrx_word' id='word_1_457' title='bbox 2335 5521 2415 5594; x_wconf 89' lang='lat' dir='ltr'><strong>dell’</strong></span> 
     </span>
     <span class='ocr_line' id='line_1_37' title="bbox 617 5641 2417 5735; baseline 0.001 -20"><span class='ocrx_word' id='word_1_458' title='bbox 617 5641 802 5734; x_wconf 71' lang='lat' dir='ltr'><strong>Illyricam</strong></span> <span class='ocrx_word' id='word_1_459' title='bbox 827 5665 895 5716; x_wconf 91' lang='lat' dir='ltr'><strong>non</strong></span> <span class='ocrx_word' id='word_1_460' title='bbox 922 5644 1010 5717; x_wconf 85' lang='lat' dir='ltr'><strong>vada</strong></span> <span class='ocrx_word' id='word_1_461' title='bbox 1036 5645 1217 5719; x_wconf 90' lang='lat' dir='ltr'><strong>diminuito</strong></span> <span class='ocrx_word' id='word_1_462' title='bbox 1245 5647 1537 5719; x_wconf 88' lang='lat' dir='ltr'><strong>soverehiamente</strong></span> <span class='ocrx_word' id='word_1_463' title='bbox 1555 5645 1730 5717; x_wconf 82' lang='lat' dir='ltr'><strong>mediante</strong></span> <span class='ocrx_word' id='word_1_464' title='bbox 1748 5645 1772 5716; x_wconf 90' lang='lat' dir='ltr'><strong>l’</strong></span> <span class='ocrx_word' id='word_1_465' title='bbox 1794 5644 1977 5718; x_wconf 86' lang='lat' dir='ltr'><strong>accordsta</strong></span> <span class='ocrx_word' id='word_1_466' title='bbox 2002 5647 2184 5718; x_wconf 80' lang='lat' dir='ltr'><strong>immuniti</strong></span> <span class='ocrx_word' id='word_1_467' title='bbox 2210 5645 2263 5717; x_wconf 89' lang='lat' dir='ltr'><strong>de’</strong></span> <span class='ocrx_word' id='word_1_468' title='bbox 2291 5646 2417 5735; x_wconf 88' lang='lat' dir='ltr'><strong>Tyrani</strong></span> 
     </span>
     <span class='ocr_line' id='line_1_38' title="bbox 615 5761 2415 5863; baseline 0.001 -25"><span class='ocrx_word' id='word_1_469' title='bbox 615 5771 685 5858; x_wconf 88' lang='lat' dir='ltr'><strong>(vv.</strong></span> <span class='ocrx_word' id='word_1_470' title='bbox 708 5771 755 5838; x_wconf 93' lang='grc'><strong>24</strong></span> <span class='ocrx_word' id='word_1_471' title='bbox 776 5769 898 5862; x_wconf 83' lang='lat' dir='ltr'><strong>segg.),</strong></span> <span class='ocrx_word' id='word_1_472' title='bbox 923 5769 1055 5841; x_wconf 82' lang='lat' dir='ltr'><strong>nonobe</strong></span> <span class='ocrx_word' id='word_1_473' title='bbox 1084 5766 1165 5842; x_wconf 90' lang='lat' dir='ltr'><strong>dall’</strong></span> <span class='ocrx_word' id='word_1_474' title='bbox 1186 5769 1341 5861; x_wconf 83' lang='lat' dir='ltr'><strong>epigraie</strong></span> <span class='ocrx_word' id='word_1_475' title='bbox 1366 5769 1576 5843; x_wconf 86' lang='lat' dir='ltr'><strong>Gruteriana</strong></span> <span class='ocrx_word' id='word_1_476' title='bbox 1600 5770 1662 5861; x_wconf 87' lang='lat'><strong>83,</strong></span> <span class='ocrx_word' id='word_1_477' title='bbox 1686 5773 1707 5842; x_wconf 81' lang='grc'>5</span> <span class='ocrx_word' id='word_1_478' title='bbox 1727 5768 1792 5862; x_wconf 87' lang='lat'><strong>[=</strong></span> <span class='ocrx_word' id='word_1_479' title='bbox 1814 5768 1904 5858; x_wconf 51' lang='grc'><strong>0.,1.</strong></span> <span class='ocrx_word' id='word_1_480' title='bbox 1925 5769 2090 5863; x_wconf 81' lang='grc'><strong>101111,</strong></span> <span class='ocrx_word' id='word_1_481' title='bbox 2114 5774 2147 5860; x_wconf 91' lang='lat' dir='ltr'><strong>l,</strong></span> <span class='ocrx_word' id='word_1_482' title='bbox 2166 5761 2204 5840; x_wconf 89' lang='lat' dir='ltr'><strong>n⁰</strong></span> <span class='ocrx_word' id='word_1_483' title='bbox 2223 5772 2342 5858; x_wconf 80' lang='lat'>4015;</span> <span class='ocrx_word' id='word_1_484' title='bbox 2371 5766 2415 5840; x_wconf 90' lang='lat' dir='ltr'><strong>cl.</strong></span> 
     </span>
     <span class='ocr_line' id='line_1_39' title="bbox 616 5878 2417 5989; baseline 0.002 -27"><span class='ocrx_word' id='word_1_485' title='bbox 616 5890 699 5963; x_wconf 91' lang='lat' dir='ltr'><strong>ibid.</strong></span> <span class='ocrx_word' id='word_1_486' title='bbox 719 5882 882 5986; x_wconf 69' lang='grc'><strong>011751,</strong></span> <span class='ocrx_word' id='word_1_487' title='bbox 900 5894 988 5986; x_wconf 85' lang='grc'>752,</span> <span class='ocrx_word' id='word_1_488' title='bbox 1005 5895 1080 5965; x_wconf 84' lang='grc'><strong>753</strong></span> <span class='ocrx_word' id='word_1_489' title='bbox 1101 5900 1138 5966; x_wconf 90' lang='grc'><strong>01</strong></span> <span class='ocrx_word' id='word_1_490' title='bbox 1155 5915 1243 5985; x_wconf 92' lang='lat' dir='ltr'><strong>quae</strong></span> <span class='ocrx_word' id='word_1_491' title='bbox 1260 5893 1311 5965; x_wconf 92' lang='lat' dir='ltr'><strong>ibi</strong></span> <span class='ocrx_word' id='word_1_492' title='bbox 1328 5894 1505 5967; x_wconf 85' lang='lat' dir='ltr'><strong>adnotavit</strong></span> <span class='ocrx_word' id='word_1_493' title='bbox 1519 5878 1777 5989; x_wconf 79' lang='lat' dir='ltr'><strong>MommsenusJ,</strong></span> <span class='ocrx_word' id='word_1_494' title='bbox 1798 5894 1874 5988; x_wconf 87' lang='lat' dir='ltr'><strong>ebe,</strong></span> <span class='ocrx_word' id='word_1_495' title='bbox 1894 5893 2028 5966; x_wconf 77' lang='lat' dir='ltr'><strong>bencbe</strong></span> <span class='ocrx_word' id='word_1_496' title='bbox 2046 5895 2216 5968; x_wconf 87' lang='lat' dir='ltr'><strong>ritroveta</strong></span> <span class='ocrx_word' id='word_1_497' title='bbox 2230 5913 2250 5966; x_wconf 86' lang='lat' dir='ltr'><strong>a</strong></span> <span class='ocrx_word' id='word_1_498' title='bbox 2264 5892 2417 5966; x_wconf 75' lang='lat' dir='ltr'><strong>Poetovio</strong></span> 
     </span>
    </p>
   </div>
   <div class='ocr_carea' id='block_1_3' title="bbox 482 6014 2058 6130">
    <p class='ocr_par' dir='ltr' id='par_1_5' title="bbox 482 6014 2058 6130">
     <span class='ocr_line' id='line_1_40' title="bbox 482 6014 2058 6130; baseline 0.003 -43"><span class='ocrx_word' id='word_1_499' title='bbox 482 6023 484 6028; x_wconf 85' lang='lat'>&#39;</span> <span class='ocrx_word' id='word_1_500' title='bbox 617 6014 709 6088; x_wconf 90' lang='grc'><strong>10110</strong></span> <span class='ocrx_word' id='word_1_501' title='bbox 727 6015 914 6110; x_wconf 85' lang='grc' dir='ltr'><strong>Ρο000010,</strong></span> <span class='ocrx_word' id='word_1_502' title='bbox 934 6016 968 6090; x_wconf 84' lang='grc'><strong>10</strong></span> <span class='ocrx_word' id='word_1_503' title='bbox 986 6024 1217 6111; x_wconf 87' lang='lat' dir='ltr'><strong>nonpertanto</strong></span> <span class='ocrx_word' id='word_1_504' title='bbox 1237 6019 1415 6092; x_wconf 91' lang='lat' dir='ltr'><strong>menzione</strong></span> <span class='ocrx_word' id='word_1_505' title='bbox 1432 6018 1515 6093; x_wconf 90' lang='lat' dir='ltr'><strong>d’un</strong></span> <span class='ocrx_word' id='word_1_506' title='bbox 1534 6015 1714 6130; x_wconf 79' lang='grc'><strong>00010010(</strong></span> <span class='ocrx_word' id='word_1_507' title='bbox 1725 6017 1873 6108; x_wconf 73' lang='lat' dir='ltr'><strong>posterii</strong></span> <span class='ocrx_word' id='word_1_508' title='bbox 1889 6016 2058 6111; x_wconf 70' lang='lat' dir='ltr'><strong>Illyrici».</strong></span> 
     </span>
    </p>
   </div>
   <div class='ocr_carea' id='block_1_4' title="bbox 0 0 2796 7508">
    <p class='ocr_par' dir='ltr' id='par_1_6' title="bbox 0 0 2796 7508">
     <span class='ocr_line' id='line_1_41' title="bbox 0 0 2796 7508; baseline 0 0"><span class='ocrx_word' id='word_1_509' title='bbox 0 0 2796 7508; x_wconf 95' lang='lat' dir='ltr'><strong> </strong></span> 
     </span>
    </p>
   </div>
  </div>
 </body>
</html>
