5532 7510
624 1044 696 1112 170
834 1137 836 1147 Ι
1207 1009 1214 1020 ’
1341 1038 1484 1110 Onasus
1503 1039 1683 1111 Acnmms.
2086 1033 2122 1110 le
2145 1027 2361 1110 177-178.

725 1244 812 1334 177.
840 1253 917 1325 Pila
934 1253 1057 1343 lapidis
1077 1251 1216 1324 calcarii
1238 1250 1441 1340 leucophaei
1470 1251 1543 1322 sine
1572 1254 1793 1343 ornamentis
1814 1274 1845 1323 a.
1867 1256 1956 1342 0,67
1976 1273 2034 1340 m,
2063 1251 2086 1322 l.
2109 1255 2210 1342 0,35‚
2241 1273 2288 1322 cr.
2311 1256 2413 1344 0,22.

620 1378 757 1450 Titulus
776 1379 946 1468 superiori
963 1374 1052 1468 pilae
1071 1378 1164 1468 parti
1183 1376 1309 1447 incisus
1328 1381 1442 1448 exstat
1461 1375 1656 1464 incolumis3
1687 1375 1882 1449 litterarum
1902 1378 2049 1450 altitudo
2068 1379 2183 1466 0‚035
2205 1384 2347 1467 excepto
2367 1382 2413 1470 Ο,

619 1503 710 1592 quod
729 1504 869 1576 minoris
888 1509 941 1576 est
958 1523 1148 1575 mensurae.

1218 1665 1249 1734 Α
1265 1664 1288 1732 Ρ
1307 1662 1387 1733 ΗΤ
1403 1663 1433 1732 Η
1704 1655 1824 1757 Ἀρήτη

1218 1788 1256 1859 Δ
1270 1788 1278 1857 Ι
1290 1810 1313 1856 0
1330 1787 1482 1858 ΝΥοξ
1703 1791 1849 1868 denudet.

723 1979 836 2063 Huius
855 2009 990 2080 qnoque
1009 1988 1104 2060 tituli
1123 1987 1323 2060 litteratura
1341 1993 1496 2078 tempora
1514 1984 1652 2058 saeculo
1673 1983 1724 2055 lV
1743 2004 1774 2056 a.
1794 1984 1877 2057 (ihr.
1900 1988 1956 2059 vix
1975 1989 2169 2060 recentiora
2185 1989 2324 2060 indicat.

725 2321 811 2409 178.
832 2329 1097 2402 Monumentum
1113 2329 1305 2420 sepulcrale
1319 2331 1491 2420 integrum
1508 2333 1688 2404 marmoris
1702 2331 1839 2404 candidi
1853 2351 1885 2402 a.
1898 2333 1987 2422 0‚50
1999 2331 2057 2422 ml,
2075 2331 2208 2420 t0‚37‚
2226 2351 2274 2400 or.
2288 2333 2414 2420 0‚085.

618 2457 730 2547 Supra
748 2459 803 2527 est
820 2453 994 2544 fastigium
1014 2457 1092 2526 r'osa
1112 2460 1283 2545 ornatam,
1310 2455 1374 2526 sub
1398 2454 1536 2546 fastigio
1561 2457 1596 2528 in
1620 2458 1769 2547 zophoro
1793 2455 1916 2526 titulus
1939 2455 2075 2544 integer
2098 2455 2222 2527 5515115
2242 2453 2414 2525 Romanae

618 2581 753 2652 nomina
776 2577 1015 2652 defunctorum
1039 2580 1156 2650 mariti
1179 2586 1215 2650 et
1238 2581 1356 2652 uxoris
1376 2582 1566 2656 continens.
1598 2580 1692 2654 lnlra
1715 2580 1945 2671 anaglyphum
1965 2579 2047 2651 satis
2071 2579 2221 2668 eleganti
2245 2577 2415 2667 scalptum

619 2725 722 2796 opere
740 2709 977 2794 repraesentat
995 2706 1106 2775 virum
1124 2706 1215 2776 lecto
1234 2705 1487 2776 incumbentem
1506 2711 1542 2777 et
1559 2705 1739 2777 mulierem
1765 2705 1870 2776 sellae
1898 2705 1979 2775 lecti
2004 2703 2151 2793 pedibus
2171 2703 2345 2792 adpositae
2364 2704 2416 2773 in·

618 2830 796 2921 sidentem,
817 2829 952 2919 copiose
972 2829 1148 2914 amictam3
1169 2828 1221 2899 vir
1239 2828 1363 2900 dextra
1381 2849 1543 2900 coronam
1559 2834 1670 2918 tonet;
1701 2830 1789 2901 lecto
1809 2849 1926 2900 mensa
1944 2829 2052 2916 tripes
2071 2827 2241 2917 adposita3
2266 2829 2301 2898 in
2320 2833 2416 2899 ntro-

619 2975 685 3045 que
703 2954 828 3044 angulo
848 2957 941 3024 stant
957 2950 1114 3024 infantes.
1136 2951 1290 3024 Titulum
1309 2954 1361 3026 ad.
1383 2953 1562 3045 Boeckh,
1585 2955 1623 3026 Ο.
1645 2957 1672 3026 Ι.
1694 2953 1756 3026 Gr.
1777 2954 1810 3024 ll
1827 2953 1905 3024 add.
1927 2944 1963 3022 n⁰
1984 2954 2083 3023 2096
2096 2951 2128 3031 a.

823 3135 1280 3222 mastalstottrxmr
1310 3136 1389 3220 ΚΑΙ
1404 3151 1435 3223 Η
1450 3151 1478 3222 Γ
1483 3149 1590 3221 ΥΗΗ
1748 3146 1846 3231 Νάεις
1865 3148 2036 3220 Διονυσίου
2058 3153 2113 3218 καί
2132 3151 2155 3243 ἡ
2176 3145 2263 3245 γυνὴ

796 3251 1191 3346 ΑΥΤΟΥΖΟΥᾹἘΝ
1205 3273 1235 3345 Η
1247 3261 1316 3346 ΞΔ
1331 3278 1368 3344 l0
1381 3275 1411 3344 Ν
1423 3273 1486 3346 ΥΣ
1499 3277 1574 3346 ΙΟΥ
1748 3274 1852 3345 αὺτοῦ
1874 3271 2051 3370 Ζουλεμης
2070 3273 2252 3344 Διονυσίου.

841 3869 922 3979 u.
959 3866 1176 3978 uiuum
1212 3867 1285 3978 m
1322 3865 1533 3980 cuasa
1571 3851 1873 3979 nouimus
1909 3817 2223 3979 arianam(
2287 3955 2292 3968 .

729 4111 768 4180 ln
788 4129 890 4180 cursu
910 4106 1067 4198 Achillis,
1096 4109 1153 4198 qui
1176 4107 1278 4180 hodie
1297 4107 1433 4178 'sendra
1452 4108 1523 4179 sive
1542 4107 1912 4200 Tendrovslraja-cossa
1931 4112 2083 4197 vocatur,
2108 4127 2138 4178 5.
2164 4112 2264 4180 1824
2285 4109 2419 4181 Kritslri

621 4234 759 4325 quidam
776 4230 973 4322 praefectus
992 4233 1187 4322 classiarios
1207 4235 1249 4304 ad
1267 4240 1361 4305 astra
1379 4233 1591 4304 observanda
1605 4240 1641 4305 et
1654 4235 1800 4323 pharum
1820 4231 2068 4305 aedificandum
2087 4230 2168 4302 illuc
2187 4234 2323 4325 missus,
2344 4256 2421 4307 cum

620 4358 791 4430 tumulum
812 4357 979 4449 quendam
1001 4357 1163 4446 exiguum
1182 4359 1216 4427 in
1236 4358 1498 4447 septentrionali
1527 4379 1649 4430 cursus
1672 4363 1771 4450 parte
1791 4356 1973 4448 effodisset,
2002 4363 2038 4427 et
2056 4378 2211 4429 nummos
2228 4360 2420 4448 permultos

622 4487 658 4554 et
672 4482 866 4572 fragmenta
884 4481 1014 4570 aliquot
1032 4502 1226 4553 marmorea
1238 4482 1312 4580 sive
1326 4481 1671 4573 anaglyphisornata
1689 4483 1760 4553 sive
1780 4483 1907 4553 litteris
1926 4483 2093 4571 inscripta
2107 4483 2271 4573 repperit.
2294 4483 2347 4555 De
2366 4485 2420 4556 his

621 4609 769 4699 primum
795 4606 1007 4678 rettulerunt
1034 4605 1371 4697 Stempkovskius
1399 4607 1434 4677 in
1462 4606 1656 4697 Kocppenii
1685 4626 1788 4696 opere
1814 4605 1991 4697 periodico
2018 4605 2108 4695 quod
2135 4606 2338 4698 inscriptum
2368 4615 2421 4680 est

623 4731 1000 4818 «Badriorpaonuecnie
1019 4752 1153 4802 ancum»
1173 4753 1204 4802 a.
1220 4734 1317 4802 1825
1335 4723 1371 4800 n⁰
1383 4735 1430 4802 24
1441 4754 1475 4823 p.
1490 4735 1563 4804 336
1580 4752 1631 4821 sq.
1652 4736 1687 4802 et
1705 4731 1741 4801 in
1754 4731 1901 4804 Journal
1920 4730 1961 4800 de
1975 4729 2025 4800 St.
2042 4729 2256 4820 Petersburg
2271 4752 2301 4802 5.
2320 4734 2417 4805 1825

624 4847 777 4943 11⁰1183
810 4855 1144 4946 Blarambergius
1171 4857 1207 4926 in
1236 4855 1414 4945 Bulgarini
1443 4861 1479 4925 et
1507 4853 1684 4926 Gretschii
1712 4855 1821 4926 diario
1850 4855 1944 4926 cuius
1972 4853 2094 4924 titulus
2122 4859 2175 4925 est
2203 4853 2419 4945 «Ctsepnsni

624 5001 782 5070 apxnssn
802 4999 831 5049 a.
858 4982 955 5050 1825
976 4971 1013 5048 n⁰
1034 4983 1082 5050 24
1106 5001 1138 5070 p.
1162 4982 1236 5051 355
1257 5000 1307 5069 sq.
1337 4978 1466 5052 Contra
1489 4977 1790 5069 Stempkovskium
1819 4979 1907 5050 dixit
1934 4977 2101 5068 quaedam
2125 4978 2353 5052 Koehlerus
2377 4982 2419 5052 de

625 5105 688 5174 ins.
709 5109 744 5174 et
763 5124 867 5175 cursu
881 5105 1030 5176 Achillis
1049 5126 1080 5195 p.
1101 5108 1148 5178 97
1169 5126 1233 5196 sq„
1254 5105 1313 5194 qui
1331 5103 1512 5194 dubitavit,
1533 5125 1615 5174 num
1634 5123 1673 5174 re
1690 5124 1775 5176 vera
1792 5105 1828 5176 in
1848 5106 1979 5177 tumulo
1998 5106 2154 5177 illocum
2172 5108 2320 5178 nummis
2338 5129 2419 5180 aaa·

624 5228 751 5320 glypha
770 5234 909 5318 reperta
928 5234 1050 5301 essent.
1072 5229 1138 5301 Sed
1155 5234 1276 5318 postea
1293 5229 1623 5318 Blarambergius
1643 5231 1677 5299 in
1697 5229 1806 5302 diario
1826 5229 2085 5303 russicoOdess.
2106 5253 2138 5304 5.
2158 5235 2256 5304 1828
2277 5225 2312 5303 n⁰
2330 5237 2350 5304 5
2372 5238 2421 5326 (et

625 5353 660 5424 in
689 5375 792 5443 opere
820 5362 978 5444 postumo
1006 5360 1071 5426 act.
1097 5375 1167 5427 soc.
1192 5352 1312 5426 Odess.
1338 5376 1368 5425 v.
1395 5352 1432 5424 II
1455 5375 1486 5424 a.
1517 5356 1614 5424 1848
1639 5355 1779 5444 inserto,
1808 5376 1841 5444 5.
1873 5353 1932 5445 18)
1955 5354 2095 5444 scripsit
2120 5359 2200 5444 post
2226 5355 2421 5428 Kritslrium

626 5479 731 5549 etiam
759 5480 998 5569 magistratum
1026 5479 1192 5569 quendam
1221 5480 1257 5550 in
1284 5478 1455 5550 Tendram
1479 5476 1610 5550 Odessa
1631 5500 1652 5549 a
1675 5479 1798 5550 comite
1822 5477 2052 5551 Vorontnovio
2080 5481 2221 5551 missum
2250 5482 2336 5553 alias
2364 5504 2420 5554 res

625 5603 783 5693 antiquas
802 5603 994 5695 permultas
1011 5603 1138 5674 ibidem
1159 5603 1353 5694 repperisse
1374 5602 1622 5693 Odessamqne,
1643 5609 1683 5674 nt
1699 5603 1812 5674 iussus
1831 5609 1932 5693 esset,
1958 5604 2170 5694 deportasse;
2190 5605 2282 5677 inter
2301 5627 2420 5678 monu-

626 5733 741 5799 menta
758 5728 887 5800 litteris
915 5729 1093 5818 inscripta,
1121 5749 1208 5819 quae
1234 5727 1359 5817 partim
1387 5727 1478 5818 apud
1497 5728 1657 5799 comitem
1676 5725 1959 5819 Vorontzovium,
1988 5729 2115 5819 partim
2138 5731 2229 5822 apud
2247 5750 2285 5802 se
2303 5751 2420 5803 serva-

627 5856 761 5943 rentur,
781 5873 855 5924 csse
874 5851 942 5923 duo
960 5851 1154 5941 fragmenta
1171 5872 1363 5923 marmorea
1382 5873 1554 5942 unumque
1573 5853 1807 5942 argillaceum
1828 5872 1914 5942 quae
1928 5853 1971 5923 ad
1986 5855 2054 5924 tria
2069 5853 2203 5924 diversa
2221 5847 2420 5953 χαριστήρια

627 5977 885 6066 pertinuissent.
915 5976 1010 6046 idem
1039 5974 1308 6064 fragmentorum
1338 5977 1581 6066 inscriptiones
1610 5998 1686 6047 cnm
1708 5977 1909 6047 Boeckhio
1930 5979 2203 6070 communicavit,
2232 5983 2290 6069 qui
2315 5980 2422 6052 edidit
