5560 7516
1181 1041 1366 1114 Daemon.

1023 1275 1043 1325 '1
1149 1252 1257 1354 Τῦχηι
1275 1254 1416 1352 ἀγαθῆι.

1088 1375 1339 1478 ’ottoburae

1090 1495 1218 1578 ἔδωκαν
1237 1503 1421 1603 Χαιριγὲνει

1089 1620 1314 1728 Μητροδώρου
1332 1633 1469 1726 Μεσημ-

1028 1770 1062 1846 t,
1090 1747 1222 1849 βριανῶι
1241 1753 1345 1826 αὺτῶι
1362 1755 1417 1822 καί
1437 1753 1487 1823 ἐκ·

986 1915 991 1918 -
1046 1965 1048 1972 ,
1090 1878 1199 1975 γόνοις
1217 1873 1398 1977 προξενίαν,

1089 1999 1268 2094 πολιτείαν,
1290 2000 1442 2073 ἀτέλειαν

1088 2122 1224 2197 πάντων
1242 2122 1440 2226 χρημάτων,

1089 2253 1136 2320 ὢν
1154 2247 1195 2321 οἲν
1215 2251 1315 2334 αὐτὸς
1334 2249 1467 2348 εἰσάγηι

1012 2395 1044 2445 10
1087 2369 1255 2473 ἣὲξάγηι,
1274 2375 1297 2471 ἢ
1317 2367 1442 2468 παῖδες,
1462 2372 1486 2470 ἢ
1505 2375 1540 2446 ἀ·
1629 2453 1631 2460 ,

1090 2489 1201 2599 δελροὶ
1221 2503 1268 2582 οἷς
1286 2501 1380 2572 κοινὰ
1397 2501 1441 2571 τὰ

1088 2635 1250 2722 πατρῶια,
1270 2622 1293 2719 ἢ
1312 2621 1478 2723 θεράπων,

1088 2753 1143 2818 καὶ
1162 2747 1318 2820 εἴσπλουν
1338 2753 1392 2820 καὶ
1412 2746 1555 2820 ἔκπλουν

1089 2877 1144 2944 καί
1163 2869 1230 2973 tlp)
1251 2872 1402 2972 rahtfelda
1421 2877 1476 2944 καί
1497 2875 1530 2945 ὲν

1012 3017 1044 3070 15
1089 2991 1211 3096 εἰρήνηι
1229 2998 1371 3093 ἀσυλτ(ἰ)
1392 3003 1448 3070 καὶ

1089 3113 1285 3222 docendam.

487 3367 568 3442 Ver.
589 3367 663 3442 lect.
691 3368 732 3440 In
750 3369 923 3442 tabulario
946 3370 1120 3442 societatis
1142 3370 1224 3442 hist.
1244 3375 1280 3442 et
1298 3370 1393 3442 arch.
1415 3367 1538 3442 Odess.
1558 3369 1660 3442 huius
1682 3371 1776 3444 tituli
1794 3371 2032 3463 apographum
2051 3393 2169 3446 manu·-

380 3494 545 3585 scriptum
564 3497 723 3566 servatur
743 3496 858 3567 nescio
877 3516 898 3566 a
915 3515 984 3586 quo
1003 3492 1132 3567 factum
1151 3495 1183 3566 d.
1207 3497 1228 3565 2
1249 3515 1294 3565 m.
1316 3493 1528 3585 Septembris
1545 3515 1576 3566 a.
1601 3499 1713 3588 1847,
1733 3497 1825 3586 quod
1843 3497 1886 3568 ab
1905 3517 1956 3588 eo,
1984 3519 2051 3590 quo
2071 3499 2169 3570 Mur-

380 3618 588 3692 sakeviczius
605 3640 687 3690 usus
706 3626 791 3711 erat,
811 3640 879 3691 non
898 3640 974 3692 esse
992 3620 1138 3691 ahenum
1158 3621 1303 3691 maxime
1322 3625 1375 3691 est
1393 3620 1467 3691 veri
1486 3619 1608 3692 simile.
1639 3620 1680 3691 Id
1697 3621 1741 3693 ab
1756 3619 1921 3694 Uvarovii
1940 3621 2168 3694 delineatione

381 3763 422 3815 ea
439 3763 478 3814 re
496 3742 623 3834 differt,
642 3743 733 3834 quod
749 3746 783 3818 Ο
797 3744 914 3816 littera
932 3745 1136 3836 plerumque
1155 3744 1296 3836 reliquis
1315 3744 1488 3834 abquanto
1507 3743 1618 3850 minor
1636 3751 1766 3818 estnec
1780 3767 1929 3836 unquam
1947 3747 1982 3817 in
2002 3769 2041 3820 ea
2059 3768 2169 3839 punc-

381 3873 453 3939 tum
473 3875 659 3960 comparet,
688 3873 724 3939 et
741 3868 846 3940 variis
872 3870 1080 3942 lectionibus
1108 3868 1218 3941 hisce:
1248 3891 1281 3940 v.
1303 3872 1341 3937 2:
1365 3869 1446 3941 otio
1466 3908 1514 3932 ψ-
1535 3889 1566 3938 ν.
1589 3872 1611 3940 7
1632 3875 1720 3946 extr.
1741 3873 1972 3946 ΑΤΕΛΓΙΑΝ
1994 3913 2045 3922 -
2063 3894 2096 3944 v.
2116 3869 2164 3945 11

380 3997 467 4064 extr.
482 3994 566 4067 ΤΑΙ
587 4029 636 4044 -·-
656 4015 688 4065 ν.
712 3995 774 4065 12:
797 3995 862 4067 ΘΓ
866 3995 1031 4068 ΡΑΡΟΝ
1053 4034 1103 4048 --
1122 4016 1155 4066 v.
1174 3996 1220 4065 15
1240 3995 1286 4064 in.
1310 3996 1464 4068 ΚΑΙΕΜ.
1489 3993 1553 4085 Ευ,
1573 3995 1716 4084 quaein
1730 3994 1996 4068 Mnrsakeviczii
2016 3997 2169 4087 exemplo

381 4117 473 4188 edito
499 4116 631 4190 abhoc
660 4117 855 4210 apographo
882 4118 1059 4207 recedunt,
1087 4115 1232 4191 tortasse
1259 4119 1518 4209 typothetarum
1545 4117 1724 4190 erroribus
1752 4118 1934 4193 tribuenda
1961 4127 2042 4192 sunt
2059 4122 2105 4212 (v.
2128 4126 2166 4193 6:

316 4249 319 4256 '
380 4240 670 4314 ΠΡΟΞΕΝΕΙΑΝ
688 4281 740 4294 -
758 4263 791 4316 ν.
814 4246 852 4314 7;
877 4247 1098 4316 ΑΤΕΛΗΑΝ
1116 4283 1167 4296 -—
1185 4264 1217 4314 ν.
1243 4246 1302 4314 11;
1326 4246 1731 4316 ΔΕΛΦΟΙΣΚΑΝΑΤΑΙ
1751 4285 1794 4298 -
1818 4266 1851 4316 ν.
1876 4249 1939 4318 14:
1967 4249 2169 4318 ENlthE-

380 4367 527 4437 ΜΩΚΑΙ
544 4405 596 4418 --
614 4388 646 4437 v.
672 4369 735 4438 15:
755 4360 968 4465 EIPIHNH).
2045 4395 2050 4406 ’

486 4487 530 4562 V.
553 4491 573 4560 3
595 4487 759 4581 Stephani
775 4489 998 4590 Χαιρ[ε]γὲνει
1016 4491 1112 4584 legit,
1142 4491 1202 4563 sed
1221 4497 1255 4564 et
1273 4492 1505 4584 apographum
1533 4497 1717 4585 utrumque
1739 4497 1748 4566 l
1769 4492 1922 4566 litteram
1943 4495 2167 4568 certissimam

381 4614 486 4687 habet
504 4619 540 4686 et
556 4613 751 4713 Χαιριγὲνης
770 4613 880 4689 forma
899 4615 981 4688 alibi
999 4615 1184 4691 invenitur.

484 4739 634 4812 Maxime
652 4741 762 4830 doleo,
792 4740 883 4832 quod
904 4740 969 4831 ipsi
993 4739 1076 4812 mihi
1103 4739 1251 4831 lapidem
1269 4738 1386 4811 videre
1403 4760 1471 4812 non
1491 4741 1650 4831 contigit:
1679 4741 1826 4814 interest
1846 4741 1935 4813 onim
1958 4745 2052 4814 certo
2071 4743 2169 4835 scire,

381 4885 462 4936 num
480 4886 602 4938 revera
620 4891 637 4936 ο
655 4867 775 4938 littera
793 4869 825 4938 Θ
845 4863 990 4938 formam
1019 4865 1156 4957 habeat,
1185 4864 1295 4957 qualis
1318 4865 1353 4936 in
1372 4865 1535 4938 Uvarovii
1558 4865 1785 4939 delineatione
1813 4867 1944 4957 aliquot
1970 4866 2055 4939 locis
2078 4888 2170 4939 com-

380 4997 493 5082 paret3
513 4992 542 5063 si
561 4992 622 5086 ita,
643 4989 842 5065 referendus
860 4993 928 5064 erit
947 4992 1070 5064 titulus
1088 4988 1132 5062 ad
1147 4989 1226 5062 Va.
1243 4991 1325 5065 Chr.
1342 4993 1516 5064 sacculum
1534 4989 1591 5074 (ci.
1607 5011 1660 5063 ex.
1677 5011 1705 5062 o.
1726 4990 1862 5062 titulum
1877 4991 2169 5063 Halicarnassium

379 5116 560 5188 aRoohlio
578 5115 607 5188 Ι.
629 5114 670 5190 0.
691 5116 736 5189 A.
755 5108 792 5190 n⁰
812 5119 886 5190 500
906 5117 1088 5190 novissime
1108 5117 1249 5210 editum,
1271 5138 1370 5208 quem
1391 5118 1520 5208 optimo
1539 5120 1615 5189 iure
1634 5114 1868 5190 Kirchhoffius
1888 5115 2000 5192 Stud.8
2018 5138 2051 5208 p.
2074 5121 2097 5188 4
2116 5139 2166 5208 sq.

331 5259 338 5266 ·
379 5241 423 5313 ad
441 5239 576 5332 Olymp.
598 5243 647 5313 80
665 5240 738 5312 iere
757 5243 958 5314 rettulerat:
987 5243 1088 5314 huius
1107 5243 1305 5316 litteratura
1324 5243 1356 5314 ei
1374 5263 1461 5333 quae
1479 5244 1514 5313 in
1533 5248 1651 5314 nostro
1670 5248 1847 5332 comparet
1873 5242 1974 5313 titulo
1997 5241 2170 5314 simillima

379 5369 552 5456 astatque
570 5367 602 5437 Θ
620 5365 851 5456 notapariter
869 5392 886 5437 ο
906 5371 942 5438 et
959 5373 983 5436 θ
1001 5365 1195 5438 litterarum
1214 5366 1281 5438 vim
1304 5366 1434 5455 habet).
1462 5366 1632 5457 Equidem
1660 5372 1745 5457 puto
1764 5365 1928 5440 Uvarovii
1950 5365 2171 5439 delineationi

380 5489 480 5562 tidem
499 5489 687 5562 habendam
705 5489 783 5562 ideo
803 5491 958 5583 maxime,
978 5491 1069 5581 quod
1089 5493 1121 5563 Θ
1141 5498 1221 5564 nota
1238 5511 1301 5583 pro
1316 5494 1351 5566 0
1370 5511 1435 5563 uon
1453 5493 1579 5583 passim
1597 5493 1710 5584 posita
1727 5493 1788 5564 sit:
1809 5513 1884 5564 nam
1903 5493 1933 5563 is
1951 5491 2011 5581 qui
2029 5492 2168 5563 titulum

381 5615 573 5709 exscripsit,
593 5616 657 5688 uisi
676 5617 874 5710 studuisset,
894 5623 934 5690 ut
952 5618 1106 5707 singulas
1124 5622 1223 5689 notas
1237 5636 1339 5707 quam
1354 5617 1610 5689 accuratissime
1628 5618 1816 5708 exciperet,
1836 5617 1906 5688 sine
1921 5615 2027 5688 dubio
2041 5616 2169 5706 ubique

380 5739 451 5815 sive
470 5743 504 5814 0
523 5740 593 5812 siue
613 5742 645 5812 Θ
663 5742 847 5831 posuisset;
877 5743 1011 5814 accedit
1032 5743 1124 5832 quod
1147 5744 1183 5813 in
1206 5743 1272 5816 alio
1295 5742 1396 5815 titulo
1417 5737 1669 5836 Olbiopblitano
1696 5741 1878 5814 admodum
1897 5747 2047 5831 vetusto,
2067 5762 2167 5833 quem

381 5888 442 5941 suo
469 5865 544 5938 loco
571 5865 810 5938 exhibebimus
836 5869 872 5938 in
899 5865 1149 5959 sepulcralibus
1171 5857 1220 5957 (π’
1247 5869 1335 5958 120)
1357 5868 1392 5940 0
1414 5867 1533 5938 littera
1560 5866 1703 5938 eandem
1729 5865 1873 5938 formam
1896 5867 1958 5958 (Θ)
1981 5865 2102 5955 habet,
2129 5870 2170 5936 ut

381 5991 523 6066 dubium
539 5989 606 6060 iam
625 6008 690 6060 non
709 5990 765 6079 sit,
784 5992 866 6080 quin
883 5992 1071 6084 antiquitus
1093 6014 1132 6064 re
1155 6013 1237 6064 uera
1265 5992 1348 6064 haec
1374 5991 1483 6064 forma
1506 6013 1569 6063 usu
1593 5997 1733 6083 recepta
1749 5990 1857 6064 fuerit
1875 5991 1918 6064 ab
1939 5990 2164 6080 Olbiopolitis.

1922 6109 1957 6166 3*
