5560 7516
1068 2667 1490 2804 PRAEFATIO.

489 3037 652 3128 Quintum
673 3037 739 3108 iam
760 3036 961 3109 decennium
981 3037 1110 3108 labitur
1128 3058 1170 3108 ex
1189 3057 1255 3126 quo
1270 3035 1523 3108 illustrissimus
1541 3037 1598 3108 ille
1614 3035 1777 3126 Corporis
1792 3035 2054 3124 inscriptionum
2070 3033 2178 3108 (irae-

382 3183 501 3235 carum
526 3163 639 3234 editor
658 3161 838 3251 Augustus
860 3161 1058 3233 Boeclrbius
1086 3159 1370 3250 inscriptionibus
1397 3179 1476 3231 orae
1505 3147 1782 3252 septentrionalis
1800 3157 2063 3250 PontiEuxini,
2093 3177 2180 3248 quae

381 3295 465 3360 tuuc
479 3287 646 3378 temporis
660 3292 761 3357 eraut
775 3291 888 3376 uotae,
910 3286 1065 3357 ultimam
1081 3286 1243 3375 imposuit
1257 3305 1406 3356 manum.
1428 3285 1496 3358 Per
1517 3287 1580 3358 hoc
1595 3285 1761 3375 temporis
1776 3285 1923 3374 spatium
1938 3283 2042 3373 longe
2056 3281 2178 3354 ibidem

382 3413 534 3504 lapidum
554 3411 797 3501 inscriptorum
818 3412 925 3483 series
943 3412 978 3482 in
996 3410 1108 3484 lucem
1127 3409 1265 3500 prodiit,
1286 3430 1304 3479 e
1325 3411 1450 3499 quibus
1469 3431 1525 3482 res
1543 3412 1647 3483 utiles
1664 3411 1707 3482 ad
1726 3409 1934 3482 coloniarum
1955 3407 2180 3500 Graecarum,

384 3558 471 3628 quae
498 3537 547 3607 ibi
575 3531 657 3608 olim
683 3533 884 3625 floruerant,
914 3535 1104 3625 historiam,
1133 3535 1305 3625 instituta,
1335 3555 1447 3608 mores
1471 3536 1732 3626 cognoscendos,
1750 3509 1911 3625 tanquam
1939 3555 1981 3605 ex
2009 3533 2181 3605 uberrimo

382 3661 476 3754 fonte
492 3662 627 3733 hauriri
655 3667 804 3752 possent,
833 3661 898 3732 nisi
916 3661 1012 3731 tituli
1032 3681 1152 3733 recens
1182 3660 1313 3749 reperti
1332 3661 1366 3730 in
1386 3661 1539 3754 syllogis,
1568 3661 1682 3751 libris,
1712 3659 1873 3752 operibus
1898 3658 2079 3748 periodicis
2106 3657 2182 3728 aliis

384 3785 452 3858 alio
471 3805 628 3858 sermone
647 3785 788 3877 scriptis
816 3804 879 3856 nec
898 3785 993 3855 aditu
1021 3783 1180 3857 facilibus
1197 3784 1345 3875 dispersi
1374 3786 1538 3878 iacerent,
1567 3783 1720 3857 nonnulli
1738 3784 1849 3856 adhuc
1875 3783 1994 3854 inediti
2021 3782 2181 3872 laterent,

384 3911 443 3982 alii
460 3911 503 3982 ab
522 3909 718 3981 hominibus
736 3909 909 3998 imperitis
928 3907 1057 3980 foedati
1084 3909 1200 3998 potius
1219 3929 1258 3980 ac
1278 3909 1454 3998 depravati
1474 3931 1576 4000 quam
1596 3910 1768 3982 emendati
1790 3916 1826 3980 et
1844 3908 1994 3999 suppleti
2012 3928 2182 3997 propone-

385 4044 516 4108 rentur.
547 4030 680 4121 Quibus
698 4035 741 4105 de
760 4034 873 4106 causis
893 4033 1021 4104 dudum
1043 4033 1199 4104 omnibus
1219 4031 1431 4106 Graecorum
1452 4035 1628 4126 historiae,
1652 4017 1923 4125 archaeologisc,
1944 4033 2183 4124 epigrapbices

385 4137 553 4232 studiosis*
568 4178 706 4230 necesse
733 4157 926 4248 videbatur,
956 4163 995 4228 ut
1022 4164 1191 4249 quotquot
1217 4159 1331 4230 adhuc
1358 4160 1586 4231 innotuissent
1612 4161 1708 4231 tituli
1735 4159 1860 4232 Graeci
1885 4165 1920 4230 ct
1942 4157 2060 4230 Latini
2079 4157 2181 4229 Ponti

387 4285 516 4357 Euxini
544 4303 623 4355 orae
650 4282 927 4372 septentrionalis
946 4283 1055 4354 denuo
1074 4282 1108 4352 in
1128 4301 1233 4352 unum
1257 4283 1455 4354 thesaurum
1480 4284 1626 4357 conlecti
1648 4285 1845 4370 ederentur.
1876 4282 1973 4371 Quod
1992 4303 2076 4372 opus
2095 4304 2183 4354 auno

389 4411 489 4481 1879
511 4406 666 4481 Societas
685 4407 944 4499 urcbaeologica
967 4408 1108 4497 Imperii
1133 4408 1267 4478 Russici
1296 4413 1436 4480 auctore
1462 4410 1503 4480 Α.
1524 4408 1686 4498 Harkavy
1705 4430 1736 4480 v.
1757 4409 1800 4481 cl.
1821 4409 1914 4479 socio
1938 4410 2182 4504 suosuscepit,

386 4537 546 4623 suscepto
574 4533 738 4604 Ioannem
765 4533 886 4604 Basilii
915 4531 939 4604 f.
964 4531 1249 4634 Pomialovskium
1279 4540 1314 4603 et
1336 4511 1553 4606 Theodorum
1577 4535 1749 4606 Theodori
1777 4534 1800 4604 f.
1826 4533 2047 4606 Sokolovium
2075 4533 2185 4605 socios

388 4659 600 4748 praeposuit,
621 4677 709 4730 anno
727 4665 844 4730 autem
863 4660 974 4750 1882,
995 4677 1071 4730 cum
1091 4677 1155 4748 ego
1173 4658 1208 4728 in
1227 4657 1373 4747 patriam
1393 4679 1413 4729 e
1432 4655 1581 4730 Graecia
1599 4660 1830 4749 revertissem,
1850 4659 1908 4729 ubi
1927 4678 1990 4748 per
2009 4658 2184 4730 biennium
2280 4656 2282 4662 ’

339 4821 343 4832 ·
386 4782 491 4854 rebus
518 4783 786 4874 archaeologicis
805 4790 841 4853 et
859 4783 1093 4874 epigraphicis
1121 4803 1259 4872 operam
1289 4804 1463 4876 novaram,
1491 4783 1678 4857 Sokolovio
1706 4785 1871 4887 suadente
1898 4785 2095 4856 incohatum
2115 4784 2182 4854 iam

386 4927 471 4997 opus
489 4906 754 4979 continuandum
774 4908 857 4979 mihi
876 4909 1064 4999 proposuit.
1097 4906 1265 4998 Equidem
1286 4910 1442 4997 quamvis
1461 4908 1594 4981 viribus
1612 4910 1696 4984 meis
1713 4907 1915 5000 diffiderem,
1945 4911 2009 4981 non
2029 4909 2182 4980 dubitavi

302 5132 305 5138 ³
388 5038 503 5105 tamen
523 5054 651 5104 morem
666 5053 790 5124 gerere
801 5032 979 5124 Societati‚
998 5034 1201 5123 praesertim
1217 5054 1294 5106 cum
1309 5034 1546 5125 epigraphices
1557 5033 1711 5108 Graecae
1725 5033 1838 5106 studio
1852 5037 1919 5105 iam
1935 5041 2035 5106 antea
2048 5033 2184 5105 deditus

388 5163 545 5248 paratum
564 5151 783 5252 aliquatenus
802 5159 845 5230 ad
864 5159 927 5231 boc
946 5180 1032 5250 opus
1051 5178 1268 5231 accessurum
1286 5181 1341 5230 me
1359 5165 1529 5249 putarem.

495 5281 592 5372 Quae
620 5284 714 5376 leges
737 5286 772 5354 in
797 5303 883 5356 novo
908 5303 1052 5374 corpore
1081 5282 1257 5357 condendo
1285 5289 1399 5354 essent
1422 5283 1602 5373 tenendae,
1632 5281 1902 5355 Pomialovslrius
1926 5285 1962 5350 et
1983 5279 2185 5352 Sokolorius

389 5407 572 5480 Societatis
595 5408 689 5479 iussu
713 5427 844 5480 mecum
873 5409 1108 5481 elaborarunt.
1139 5407 1332 5484 Statuimus
1359 5429 1475 5480 omues
1502 5408 1622 5480 titulos
1643 5408 1803 5496 antiquos
1821 5404 1972 5478 Graecos
1990 5411 2025 5476 et
2043 5403 2185 5476 Latinos

389 5533 557 5622 usquead
577 5531 629 5604 IV
647 5529 720 5604 fere
738 5553 773 5623 p.
795 5531 877 5606 Chr.
897 5535 1071 5622 saeculum
1100 5532 1313 5622 recipiendos
1336 5553 1421 5624 esse,
1452 5534 1646 5624 quicunque
1668 5533 1703 5602 in
1724 5552 1785 5602 ora
1803 5532 1905 5604 Ponti
1924 5526 2185 5618 septentrionali
2304 5536 2306 5548 '

389 5676 410 5726 a
428 5655 586 5728 Danubio
604 5678 713 5749 usque
731 5658 774 5730 ad
795 5655 984 5731 Caucasum
1003 5665 1117 5730 essent
1139 5658 1287 5748 reperti;
1314 5679 1356 5730 ex
1380 5658 1663 5748 inscriptionibus
1683 5657 1889 5746 Caucasiois,
1918 5675 2003 5746 quas
2026 5661 2105 5726 ante
2123 5655 2185 5726 bos

389 5786 463 5852 tres
477 5800 582 5852 annos
597 5783 782 5872 separatim
797 5782 1197 5872 ediditPomialorslriuq
1216 5783 1250 5854 in
1269 5784 1334 5855 hoc
1352 5803 1456 5874 opere
1476 5803 1540 5855 uon
1560 5788 1763 5872 repetentur
1777 5781 1992 5870 uisiAnapae
2012 5786 2184 5870 repertae,

393 5905 518 5996 qnippe
537 5925 624 5995 quae
647 5908 690 5979 ad
714 5928 859 5999 reguum
877 5910 1114 5999 Bosporanum
1133 5909 1339 5997 pertineant.
1370 5907 1485 5980 Etiam
1509 5908 1627 5980 titulos
1650 5907 1684 5977 in
1708 5907 1856 5977 nummis
1873 5913 2053 5993 expressos
2071 5903 2184 5975 exclu-

392 6031 499 6102 simus
518 6038 553 6102 et
572 6051 613 6102 ex
633 6051 792 6104 vasorum
821 6034 932 6104 titulis
956 6055 1024 6124 eos,
1053 6035 1110 6124 qui
1139 6040 1208 6104 tam
1236 6043 1333 6104 arcte
1357 6055 1435 6104 cum
1464 6032 1566 6124 pictis
1590 6033 1796 6124 imaginibus
1824 6033 1997 6102 coniuncti
2026 6037 2116 6120 sunt,
2148 6036 2186 6100 ut
