5530 7512
386 1103 421 1178 ru
445 1109 661 1179 122-123.
1014 1108 1141 1180 Truuur
1159 1123 1424 1180 surrmcasuas.
2057 1112 2127 1180 151

437 1321 700 1394 Monumentum
719 1321 857 1409 marito,
872 1321 983 1410 uxori,
1000 1316 1071 1390 filio
1085 1319 1232 1392 mortuis
1247 1320 1383 1391 ridetur
1396 1317 1502 1391 fuisse
1520 1319 1728 1409 impositum.
1749 1319 1899 1410 Propter
1912 1320 2129 1394 litteraturae

330 1445 457 1518 indicia
475 1449 511 1516 et
529 1445 668 1519 nomina
687 1463 780 1514 mere
799 1463 924 1532 graeca
942 1444 1063 1516 titulos
1083 1444 1118 1515 Il
1137 1445 1210 1515 sive
1228 1445 1244 1515 Ι
1264 1465 1294 1516 a.
1316 1444 1399 1516 Chr.
1421 1444 1560 1516 saeculo
1579 1445 1788 1517 recentiores
1808 1466 1877 1517 nou
1896 1445 2054 1518 dixerim.

440 1773 527 1861 122.
549 1781 673 1871 Capuli
688 1782 840 1871 operculi
854 1803 936 1873 pars
950 1783 1065 1855 antica
1078 1782 1202 1873 lapidis
1216 1782 1356 1854 calcarii
1370 1783 1582 1874 leucophaei,
1599 1789 1769 1856 aetomace
1785 1791 1918 1875 ornata,
1932 1807 1963 1856 a,
1977 1788 2064 1874 0,32
2077 1807 2130 1876 m,

330 1909 355 1978 l.
371 1909 473 1997 0‚85.
493 1908 533 1978 In
548 1907 660 1978 medio
680 1913 851 1978 aetomate
864 1909 995 1997 clipeus
1009 1907 1164 1997 sculptus
1182 1913 1248 1998 est,
1268 1906 1359 1979 infra
1377 1909 1413 1979 in
1432 1908 1582 1998 zophoro
1598 1909 1654 1981 θεῖ
1665 1909 1844 2000 inscriptio
1858 1909 1985 1982 litteris
2003 1913 2132 1982 ornatis

329 2031 373 2121 (a.
391 2033 521 2124 abab)
535 2031 718 2120 diligenter
731 2031 849 2122 incisa,
870 2029 967 2103 cuius
984 2033 1087 2104 hodie
1101 2033 1236 2102 initium
1255 2039 1291 2102 et
1308 2031 1386 2103 finis
1404 2031 1516 2104 fracta
1532 2038 1624 2105 sunt.
1645 2033 1711 2104 Ed.
1732 2033 1924 2122 Koehler,
1946 2035 2051 2106 Mem.
2073 2055 2132 2106 sur

331 2156 382 2227 les
399 2157 463 2226 iles
483 2161 519 2227 et
538 2156 573 2226 la
591 2175 713 2226 course
732 2175 823 2226 cons.
843 2157 864 2226 d
882 2156 1020 2228 Achille
1038 2177 1073 2245 p.
1098 2160 1184 2245 114;
1203 2155 1283 2227 inde
1302 2156 1482 2246 Boeckh,
1503 2155 1543 2229 Ο.
1562 2157 1591 2228 Ι.
1613 2155 1673 2229 Gr.
1695 2157 1729 2229 Il
1748 2149 1784 2228 u⁰
1805 2162 1918 2231 2093.

437 2277 542 2368 Lapis
561 2278 620 2349 ubi
640 2287 800 2369 repertus
819 2279 874 2370 sit,
895 2300 961 2349 non
980 2279 1078 2368 plane
1097 2285 1246 2351 constat:
1276 2280 1471 2352 Koehlerus
1490 2282 1580 2351 enim
1601 2283 1636 2351 in
1657 2277 1779 2353 Olbiae
1797 2283 1976 2372 parietinis
1996 2287 2132 2356 erutum

310 2426 410 2488 ,eum
438 2397 558 2495 tradit,
587 2405 780 2478 Uuarovius
799 2424 879 2474 vero
897 2403 1017 2492 (Roob.
1039 2425 1099 2475 sur
1123 2405 1180 2476 les'
1195 2411 1265 2476 aut.
1286 2425 1320 2494 p.
1343 2406 1408 2494 41)
1426 2426 1495 2476 uua
1517 2425 1595 2476 cum
1619 2405 1672 2476 tit.
1696 2410 1745 2477 50
1769 2426 1800 2478 a.
1824 2409 1924 2478 1818
1945 2429 1966 2478 a
1984 2407 2134 2482 Kasakio

333 2527 466 2602 Graeco
484 2532 519 2600 in
539 2531 682 2602 castello
701 2529 1121 2619 Adscbigolski-gorodolr
1145 2530 1236 2600 dicto
1260 2534 1439 2619 repertum
1468 2527 1639 2602 adfirmat.
1667 2531 1778 2603 Hodie
1799 2529 1948 2604 Odessae
1967 2539 2080 2604 exstat
2099 2535 2133 2604 iu

258 2704 260 2715 .
331 2675 450 2728 museo
471 2655 658 2744 societatis,
679 2654 737 2725 ubi
756 2653 933 2744 exscripsi.
954 2651 1168 2725 Litterarum
1189 2661 1389 2726 ornamenta
1407 2655 1499 2744 typis
1517 2653 1667 2726 fideliter
1686 2657 1782 2728 reddi
1802 2678 1866 2728 nou
1886 2663 2082 2747 potuerunt.

427 2829 444 2864 ·-
567 2819 1906 2938 [sequuturosuscaecamur-ocaroaraaluox]

437 3007 592 3080 Litterae
612 3009 709 3079 uncis
727 3007 879 3080 inclusae
898 3029 940 3079 ex
959 3008 1114 3099 exemplo
1129 3009 1362 3082 Koehleriano
1382 3010 1583 3102 adsumptae
1603 3015 1694 3101 sunt,
1713 3011 1840 3101 quippe
1855 3030 1941 3100 quae
1961 3011 1995 3081 in
2015 3010 2129 3101 lapide

331 3134 398 3203 iam
418 3129 485 3204 non
503 3139 648 3204 exstent.
678 3133 867 3204 Barbarum
887 3133 953 3203 viri
973 3153 1096 3205 nomen
1116 3133 1287 3205 Koehlero
1306 3140 1360 3205 est
1379 3137 1658 3206 ΟΜΨΑΛΜΟΣ.
1689 3135 1859 3226 Equidem
1888 3155 1965 3206 curn
1990 3135 2124 3225 ductus,

330 3259 389 3346 qui
408 3276 497 3327 nunc
520 3258 556 3328 iu
578 3256 691 3345 lapide
713 3262 793 3327 suut
815 3255 973 3345 extremi,
1003 3257 1202 3347 diligentius
1230 3257 1476 3347 examinarem,
1504 3257 1590 3328 mihi
1617 3259 1773 3350 persuasi
1796 3279 1860 3349 pro
1881 3261 1914 3331 Μ
1932 3259 2049 3332 littera
2073 3281 2130 3332 eos

330 3382 441 3471 accipi
466 3381 559 3452 nullo
587 3382 687 3454 modo
714 3400 830 3470 posse:
860 3380 983 3452 lineola
1011 3382 1101 3452 enim
1130 3402 1218 3471 quae
1246 3389 1300 3453 est
1326 3388 1482 3454 extrema
1508 3383 1610 3472 plane
1636 3389 1735 3455 recta
1757 3389 1810 3455 θεῖ
1828 3404 1891 3455 uec
1914 3385 1959 3455 ad
1977 3385 2129 3458 litteram

329 3507 484 3596 proxime
503 3506 764 3596 praecedentem
784 3507 947 3597 pertinet,
968 3527 1057 3596 quae
1076 3508 1158 3596 quin
1176 3508 1222 3577 sit
1236 3511 1279 3596 Α,
1299 3527 1366 3577 non
1384 3507 1522 3578 videtur
1542 3506 1693 3578 dubium.
1713 3507 1809 3581 Idem
1829 3529 1962 3580 mecum
1982 3529 2043 3600 per
2071 3507 2128 3580 lit·

330 3639 422 3702 teras
449 3631 714 3702 communicavit
730 3633 784 3702 vir
803 3632 845 3703 de
865 3632 928 3702 hac
952 3632 1083 3722 sylloge
1101 3631 1229 3722 optime
1248 3633 1392 3703 meritus
1414 3631 1501 3704 Lad.
1521 3631 1564 3703 N.
1585 3631 1609 3703 f.
1630 3631 1826 3724 Jurgericz.
1846 3632 1918 3705 lam
1937 3619 2045 3723 igitur
2063 3633 2127 3705 du-

329 3756 422 3842 bium
442 3777 507 3831 uon
528 3763 593 3846 est,
623 3758 706 3846 quin
730 3756 925 3829 Koehlerus
942 3757 977 3827 in
995 3757 1133 3828 barbari
1152 3757 1298 3829 nominis
1320 3756 1588 3847 transcriptione
1606 3758 1788 3850 errauerit,
1818 3763 1977 3849 totusque
2005 3759 2128 3831 t'tulus

329 3880 379 3950 ita
397 3884 452 3952 est
468 3879 648 3969 legendus:

832 3963 1035 4066 Νεικήρατος
1053 3967 1259 4068 Νεικηράτου
1280 3973 1370 4040 ὁκαὶ
1390 3965 1623 4067 Ὀμψάλακος.

438 4146 601 4219 Ceterum
622 4147 739 4218 eodem
760 4147 859 4220 modo
877 4147 1043 4220 Koehleri
1060 4149 1245 4220 lectionem
1263 4127 1330 4218 iam
1348 4145 1529 4238 Ussiugius
1547 4147 1699 4220 correxit
1716 4148 1740 4219 l.
1755 4146 1779 4219 l.
1795 4147 1840 4219 ad
1858 4139 1894 4217 u⁰
1911 4151 1972 4219 21.
1992 4146 2128 4219 Titulus

330 4277 383 4343 θεῖ
401 4273 525 4344 aetatis
546 4272 809 4362 Imperatorum.

435 4541 526 4634 123.
555 4555 815 4626 Monumentum
835 4557 1027 4645 sepulcrale
1046 4557 1226 4628 marmoris
1244 4555 1311 4627 albi
1330 4559 1514 4647 integrum,
1540 4577 1571 4627 a.
1593 4559 1758 4648 2‚10m.‚
1783 4558 1807 4628 l.
1828 4559 1931 4645 0‚72‚
1952 4577 2001 4628 cr.
2023 4560 2124 4647 0,27.

331 4680 444 4770 Supra
462 4687 516 4752 est
533 4681 658 4751 titulus
676 4680 803 4751 litteris
821 4681 1062 4771 grandioribus
1082 4683 1126 4772 (a.
1148 4681 1278 4770 0‚035)
1297 4681 1421 4753 aetatis
1436 4679 1608 4752 Romanae
1628 4679 1811 4771 diligenter
1828 4681 1968 4771 incisus,
1987 4681 2047 4752 sed
2066 4680 2126 4752 ad-

330 4805 467 4877 modum
486 4804 588 4877 bodie
607 4805 765 4878 detritus.
794 4805 863 4877 Sub
883 4805 985 4876 titulo
1009 4811 1061 4876 est
1084 4805 1316 4896 anaglyphum
1344 4804 1485 4896 duplex:
1515 4806 1549 4875 in
1578 4805 1746 4895 superiori
1771 4809 2052 4895 repraesentatus
2071 4811 2126 4877 est

330 4951 433 5021 eques
452 4931 618 5002 imberbis
638 4951 724 5021 equo
745 4932 982 5002 sinistrorsum
1001 4931 1169 5020 spectanti
1187 4928 1353 5018 insideus3
1377 4931 1525 5000 amictus
1542 4935 1596 5000 est
1612 4928 1729 5020 pallio,
1751 4928 1873 5000 dextra
1891 4929 2026 4999 hastam
2045 4948 2125 5018 pro-

330 5055 457 5143 tendit;
487 5062 568 5126 aute
595 5076 720 5146 equum
748 5056 912 5145 puerulus
940 5059 1010 5126 stat
1029 5053 1164 5124 chirone
1182 5054 1328 5124 amictus
1347 5072 1425 5123 cum
1448 5073 1532 5124 cane
1551 5072 1638 5142 equo
1662 5051 1850 5139 adsilienti3
1879 5071 1981 5141 super
2009 5052 2126 5142 equite

331 5181 419 5252 rami
438 5180 504 5251 duo
523 5181 633 5251 laurei
653 5185 733 5251 suut
752 5181 889 5269 sculpti.
918 5179 1162 5270 Anaglypbum
1181 5177 1326 5250 inferius
1344 5183 1585 5267 repraesentat
1602 5177 1714 5248 virum
1743 5176 1926 5248 barbatum
1946 5177 2036 5248 lecto
2056 5177 2126 5248 alto

331 5304 600 5393 incumbentem,
630 5305 769 5378 sinistra
795 5291 950 5394 pateram
978 5308 1167 5390 tenentem3
1197 5302 1288 5374 lecto
1315 5299 1558 5391 monopodium
1585 5301 1777 5391 adpositum
1799 5305 1851 5372 est
1874 5321 1951 5372 cum
1970 5301 2125 5384 vasibus;

332 5431 429 5502 iuxta
445 5431 513 5501 riri
531 5430 635 5521 pedes
653 5431 779 5501 mulier
797 5430 934 5519 copiose
953 5429 1079 5500 amicta
1097 5427 1200 5499 sellae
1219 5426 1346 5499 insidet
1363 5426 1508 5516 pedibus
1526 5425 1693 5515 impositis
1712 5424 1886 5518 subsellio,
1903 5425 2015 5514 capite
2031 5431 2126 5498 veste

331 5561 464 5645 operto,
485 5575 587 5644 quam
606 5553 743 5626 sinistri
761 5554 852 5643 apud
871 5574 1027 5624 umerum
1045 5554 1187 5642 retinet;
1216 5551 1339 5624 dextre
1357 5557 1453 5623 tenet
1469 5549 1634 5622 infantem
1652 5549 1810 5640 genubus
1830 5550 1904 5620 eius
1921 5549 2125 5622 insidentem

331 5677 556 5768 manibusque
574 5677 738 5767 fructum,
757 5685 798 5748 ut
816 5679 965 5769 videtur,
980 5677 1213 5766 arripientem,
1230 5697 1332 5766 quem
1350 5677 1382 5748 ei
1401 5677 1453 5746 vir
1471 5676 1613 5765 praebet
1631 5674 1752 5746 dextra
1769 5680 1949 5765 porrecte;
1972 5673 2126 5746 mulieris

332 5803 435 5874 sellae
462 5801 577 5892 puella
604 5803 719 5874 adstat
745 5823 803 5872 vas
831 5809 964 5895 tenens,
994 5801 1036 5873 ab
1065 5801 1173 5873 altera
1200 5807 1303 5891 parte
1330 5800 1422 5871 inter
1449 5801 1690 5890 monopodium
1713 5805 1749 5870 et
1771 5798 1852 5870 lecti
1879 5797 2001 5888 pedem
2029 5798 2126 5870 sedet

330 5924 506 6016 puerulus.
537 5926 719 5997 Simillima
737 5926 944 6019 anaglypha,
974 5927 1034 5997 sed
1052 5925 1160 5996 multo
1179 5925 1288 6013 magis
1307 5923 1436 5996 detrita
1454 5925 1487 5994 in
1507 5922 1691 6014 sepulcrali
1708 5923 1822 6014 lapide
1850 5922 1956 5994 habes
1974 5913 2011 5992 u⁰
2033 5926 2122 6009 116;

330 6051 365 6122 id
385 6072 488 6121 uuum
509 6048 634 6143 differt,
655 6051 809 6140 quodibi
831 6071 936 6140 eques
950 6052 984 6121 in
1000 6049 1161 6122 inferiore
1176 6049 1300 6141 lapidis
1318 6055 1419 6139 parte
1437 6056 1500 6122 est.
1521 6049 1623 6121 «Acri
1641 6047 1785 6120 incisum
1801 6047 1969 6119 dederuut
1986 6044 2123 6120 Pallas
