5560 7516
1088 1077 1210 1150 mis
1229 1097 1275 1148 ss
1293 1091 1439 1148 mensu.

684 1287 843 1380 puouiam
859 1288 932 1361 diat
948 1288 1115 1362 Autouiui
1126 1289 1283 1380 pareatis
1300 1289 1409 1360 murt
1426 1288 1514 1361 titte-

684 1434 754 1503 νον,
774 1413 834 1484 sect
852 1419 882 1486 et
898 1411 1049 1502 fratrum
1065 1414 1309 1504 imperatorum
1327 1412 1518 1504 muamus,
1538 1411 1617 1483 uem
1736 1506 1745 1515 .

684 1535 826 1610 Ammii
843 1535 963 1610 Hiberi
976 1537 1174 1629 prouissimi
1184 1535 1370 1627 praesidis,
1389 1536 1477 1628 quod
1496 1534 1613 1608 attimt

685 1660 731 1731 aet
748 1659 839 1750 ipsos
858 1661 1012 1751 Tprmeos
1030 1662 1150 1753 quique
1169 1659 1210 1731 ab
1228 1659 1273 1731 iis
1289 1659 1474 1732 secuudum
1493 1659 1579 1751 tepes

685 1805 800 1856 eorum
819 1786 857 1856 iu
873 1807 1053 1857 summm
1070 1785 1194 1858 ciuium
1213 1785 1386 1873 adsumpti
1401 1789 1492 1874 suut,
1512 1805 1554 1856 ea
1565 1782 1642 1876 pri·

685 1909 773 1980 stiuo
791 1931 883 1980 more
901 1908 988 1981 uitii
1005 1909 1133 1980 mutari
1151 1907 1315 1980 uolumus.
1337 1906 1519 1980 Retiueaut
1658 1967 1663 1982 ,

685 2033 790 2123 tatur
806 2055 944 2132 quoquo·
955 2035 1086 2106 ratioue
1105 2033 1292 2125 quaesitam
1310 2033 1381 2106 siue
1393 2051 1584 2121 possessam

581 2177 616 2232 20
680 2157 853 2250 prioitepu'i
871 2179 1011 2230 eausam
1028 2159 1066 2229 iu
1081 2155 1345 2248 prmuercatibus
1362 2177 1489 2247 quoque
1507 2177 1561 2227 re·

686 2281 757 2373 bus,
777 2304 862 2373 quas
879 2287 993 2354 tomeu
1007 2282 1264 2372 prustiuomore
1276 2278 1545 2370 professionibus

686 2405 975 2478 adduceremus
992 2404 1153 2494 muuifioa
1171 2405 1466 2476 meroimouimum
1484 2403 1584 2476 edem-

686 2529 750 2600 ctas
768 2550 838 2600 esse
856 2529 1082 2601 memiuem'ut.
1104 2528 1171 2600 Sed
1189 2549 1266 2599 omu
1283 2526 1590 2619 numismatum

681 2673 748 2743 per
765 2653 978 2726 ambitionem
996 2652 1149 2726 stemiuui
1166 2673 1235 2724 uou
1253 2657 1415 2744 oporteat,
1433 2651 1545 2725 seiam

582 2794 616 2848 οε
687 2796 753 2865 eos,
772 2777 831 2867 qui
842 2777 984 2867 postiae
1000 2774 1129 2865 fuerint
1147 2775 1332 2868 adsumpti,
1351 2773 1498 2866 fructum

637 2933 642 2944 ·
687 2900 911 2973 immunitatis
928 2901 978 2974 ita
995 2901 1131 2974 demum
1148 2900 1330 2991 habituros,
1349 2901 1381 2972 si
1399 2922 1455 2974 eos
1472 2901 1598 2993 topatus

688 3031 720 3096 et
736 3025 866 3098 amicus
883 3032 996 3099 moster
1013 3025 1098 3118 mir)
1116 3023 1357 3117 otiosissimus)
1375 3024 1450 3097 iure
1468 3026 1614 3098 ciuitatis
1631 3025 1750 3118 att'puos
1767 3046 1837 3098 esse
1850 3027 1909 3098 cte·

688 3154 777 3222 ereto
790 3149 1075 3240 pronuntiaverit.
1098 3148 1188 3237 Quos
1206 3145 1375 3222 metimus
1392 3148 1477 3221 satis
1494 3171 1534 3220 a·

688 3267 925 3372 buudequ(a>e
942 3272 1007 3346 sibi
1024 3273 1224 3365 coasultum,
1243 3273 1275 3344 si
1292 3273 1382 3365 prati
1399 3270 1541 3366 fuerim,
1565 3273 1637 3345 eui·
1656 3359 1661 3366 ,

688 3397 896 3486 stimaturos‚
915 3398 1003 3488 quod
1020 3397 1149 3489 oripiue
1166 3395 1316 3486 beneficii
1334 3417 1401 3469 νων
1418 3396 1552 3488 quaesi·

689 3527 726 3592 ta
743 3520 862 3611 dipms
879 3520 1002 3593 touore
1019 3521 1107 3594 ciues
1123 3519 1199 3608 fieri
1211 3519 1495 3612 praeceperimus.

689 3748 850 3834 Ὀουίνιος
868 3748 1058 3849 Τέρτυλλος
1076 3755 1227 3850 ἄρχουσι,
1248 3744 1368 3853 βουλῇ,
1389 3739 1446 3843 δὴ·

690 3900 746 3974 ρῳ
763 3881 922 3974 Τυρανῶν
940 3876 1077 3974 χαίρειν.

689 3995 903 4098 Ἀντίγραρον
922 4010 991 4072 τῶν
1011 4000 1110 4071 θείων
1130 3997 1356 4100 γραμμάτων,
1378 4025 1459 4098 περ·

690 4122 842 4221 φθίντων
862 4150 918 4221 μοι
937 4128 1001 4194 ὐπὸ
1018 4133 1087 4195 τῶν
1107 4125 1228 4222 κυρίων
1246 4125 1345 4221 ἡμῶν
1364 4124 1446 4196 ἀνει-

690 4241 804 4341 κὴτων
822 4220 879 4317 καί
897 4229 1154 4346 εὐτυχεστάτων
1172 4247 1449 4345 Αὑτοκρατόρων,

690 4369 819 4453 τούτοις
840 4396 905 4468 μου
922 4384 991 4455 τοῖς
1010 4369 1208 4470 γράμμασιν
1228 4365 1405 4469 προέταξα,
1426 4377 1456 4444 ’ὸ-

690 4520 762 4577 πως
781 4493 916 4590 γνόντες
935 4493 998 4588 τὴν
1017 4495 1111 4566 θείαν
1130 4498 1174 4579 είς
1193 4501 1281 4594 ὑμᾶς
1301 4493 1448 4593 μεγαλο-

690 4607 812 4716 δωρίαν
831 4622 874 4720 τῇ
895 4616 1031 4726 μεγάλῃ
1052 4619 1165 4691 αὐτῶν
1182 4620 1273 4726 τύχῃ
1293 4613 1490 4719 εὐχαριστὴ-

691 4737 991 4840 σητε.·Ἐρρῶσθαι
1009 4748 1098 4840 ὑμᾶς
1116 4747 1172 4814 καί
1191 4743 1342 4842 εὐωχεῖν
1361 4740 1441 4813 πολ-

689 4862 760 4948 λοῖς
779 4870 885 4936 ἔτεσιν
903 4869 1056 4965 εὔχομαι.
1188 4856 1347 4952 Ἀπεδόθη
1365 4869 1428 4962 πρὸ

691 4979 735 5086 ιγ’
751 4979 930 5061 καλανδῶν
948 4991 1118 5088 Μαρτίων,
1138 4993 1314 5079 Ληνεῶνος
1332 4980 1374 5076 η’.

684 5104 868 5198 Ἀνεστοίθη
886 5115 938 5184 ἐπί
956 5119 1146 5186 Μουκιανοῦ
1165 5119 1222 5186 καί
1240 5109 1413 5211 Φαβιανοῡ
1657 5123 2151 5196 ct.17m.1ubnurtta.uoep.0m.

690 5234 838 5329 ὑπάτων,
860 5238 894 5308 ἑν
911 5243 961 5332 τῷ
980 5228 1053 5335 εμρ’
1070 5241 1144 5328 ἔτει,

585 5381 619 5433 45
690 5361 799 5460 ἀρχῆς
815 5357 994 5454 Π(οπλίου)
1011 5357 1128 5433 Αἰλίου
1146 5357 1391 5458 Καλπουρνίου.

479 5637 535 5712 Ad
552 5659 585 5710 ν.
607 5643 629 5710 2
658 5636 702 5712 oi.
726 5659 814 5731 quse
831 5640 1066 5713 Mommsenus
1089 5641 1175 5713 dixit
1193 5639 1233 5714 (Ι.
1252 5642 1281 5712 Ι.
1302 5637 1382 5714 Lat.
1403 5640 1467 5732 111,
1489 5645 1523 5732 2,
1550 5661 1584 5732 p.
1605 5643 1720 5713 1009:
1748 5639 1944 5716 «Βοιωτίου
1967 5661 2021 5713 me
2046 5641 2165 5714 docuit

375 5783 407 5836 v.
429 5765 450 5834 2
471 5762 506 5834 in
524 5761 638 5852 lepide
656 5769 735 5854 post
754 5763 897 5838 <ivon
924 5784 1105 5855 superesse
1131 5765 1265 5837 litteras
1292 5765 1488 5838 dimidiatos
1513 5784 1579 5837 non
1599 5765 1679 5856 VO,
1707 5770 1746 5836 ut
1773 5763 1949 5837 contendit
1975 5763 2162 5859 Beckerus,

375 5887 435 5960 sed
453 5884 621 5976 VSVRP;
649 5888 765 5978 itaque
793 5907 857 5978 pro
875 5909 916 5960 eo
936 5888 1027 5980 quod
1046 5909 1108 5981 ego
1127 5889 1291 5981 proposui
1318 5887 1402 5982 u[su
1419 5895 1587 5980 receptum
1605 5888 1690 5982 esse]
1707 5889 1776 5961 ism
1793 5894 1938 5982 apparet
1955 5887 2163 5962 substituen-

315 6079 317 6083 Α
375 6010 457 6084 dum
475 6030 550 6084 esse
567 6009 788 6103 asumptum
807 6031 877 6083 esse
894 6011 971 6106 diu]
991 6013 1111 6085 eadem
1130 6010 1202 6086 iere
1220 6013 1422 6086 sententia».

1919 6130 1953 6184 22
