5530 7512
555 1039 559 1045 ·
614 1105 664 1173 80
1451 1087 1580 1160 Onam.
2139 1084 2356 1158 tam—47.

613 1311 764 1388 dieselbe
784 1311 849 1382 den
878 1314 993 1379 ersten
1012 1301 1296 1377 Jahrhunderten
1316 1321 1377 1370 vor
1397 1299 1478 1372 Olrr.
1501 1299 1587 1370 Geb.
1609 1301 1809 1391 angehdrto.
1841 1299 2129 1389 Dittenbergerus
2146 1296 2246 1388 (Syll.
2266 1319 2299 1388 p.
2324 1297 2414 1387 304)

613 1423 752 1510 decreto
771 1433 1025 1522 Protogeniano
1054 1434 1169 1501 aetate
1199 1445 1382 1515 supparem
1411 1426 1552 1496 titulum
1581 1425 1701 1496 habet:
1730 1425 1960 1514 antiquiorem
1980 1444 2053 1496 esse
2072 1424 2131 1494 vix
2153 1443 2253 1515 posse
2272 1429 2414 1513 propter

616 1562 814 1633 litterarum
833 1549 959 1630 formas
978 1563 1051 1644 (ω,
1076 1553 1134 1625 sed
1154 1573 1196 1622 ne
1215 1550 1325 1620 multo
1343 1550 1480 1640 quidem
1499 1551 1726 1621 recentiorem
1747 1571 1783 1621 se
1801 1549 2010 1637 existimare,
2039 1549 2120 1638 quia
2138 1547 2413 1638 quattuordecim

615 1686 753 1758 nomina
770 1681 1072 1774 (septemvirorum
1090 1682 1126 1749 et
1143 1676 1294 1767 patrum)
1313 1676 1428 1746 omnia
1453 1695 1579 1764 graeca
1593 1697 1594 1700 ¹
1606 1675 1686 1765 sint,
1716 1695 1791 1746 cum
1821 1675 2030 1745 recentiores
2056 1674 2148 1744 tituli
2168 1673 2416 1762 Olbiopolitani

617 1808 739 1881 relerti
755 1811 824 1879 sint
837 1805 1030 1878 nominibus
1043 1801 1214 1874 barbaria.
1234 1799 1395 1871 Fortasse
1405 1796 1636 1896 Λεοντομένην
1646 1796 1867 1897 Ἡροσῶντος,
1888 1800 1946 1888 qui
1965 1804 2060 1870 sexto
2077 1798 2153 1869 loco
2166 1798 2413 1890 perscribatur,

616 1933 821 2024 Protogenis
848 1930 992 2002 fratrem
1020 1927 1138 2004 fusse.
1169 1925 1338 2014 Equidem
1364 1945 1441 1994 cum
1465 1929 1648 2013 utrumque
1667 1925 1805 1994 titulum
1824 1925 1896 2014 ipse
1915 1921 2071 2016 viderim,
2099 1923 2192 1994 viros
2209 1922 2416 1994 clarissimos

615 2079 702 2150 quos
721 2057 822 2129 modo
840 2054 1014 2127 nominavi
1034 2053 1068 2122 in
1088 2051 1284 2121 universum
1303 2053 1398 2120 recte
1417 2047 1587 2123 iudicasse
1605 2049 1777 2136 existim03
1806 2048 1866 2120 sed
1885 2049 2000 2136 potius
2018 2047 2108 2119 hunc
2126 2047 2265 2118 titulum
2292 2047 2414 2138 paulu·

614 2184 685 2256 lum
704 2181 933 2272 antiquiorem
952 2176 1145 2269 putaverim
1164 2180 1307 2264 propter
1326 2173 1524 2245 litterarum
1542 2171 1681 2258 formas,
1702 2173 1943 2260 maximorum
1962 2172 2100 2244 litterae
2118 2171 2287 2243 sibilantis
2306 2169 2417 2242 forma

616 2309 732 2380 lunari
751 2305 964 2396 temporibus
985 2304 1069 2375 satis
1088 2301 1237 2391 antiquis
1255 2299 1414 2392 (fortasse
1429 2299 1533 2368 etiam
1548 2305 1672 2388 quarto
1687 2319 1717 2370 a.
1735 2297 1818 2370 Chr.
1840 2297 1990 2387 saeculo)
2007 2283 2086 2369 usos
2105 2317 2179 2368 esse
2191 2295 2416 2387 Olbiopolitas

618 2434 675 2505 tit.
701 2436 747 2504 10
766 2431 908 2522 probat;
933 2429 1015 2520 quid
1034 2433 1148 2500 autem
1167 2424 1320 2515 impedit,
1342 2424 1522 2512 quominus
1541 2423 1641 2495 simul
1659 2425 1701 2494 a)
1718 2422 1862 2494 formam
1882 2422 2046 2513 paulatim
2066 2423 2100 2493 in
2120 2444 2218 2494 usum
2239 2422 2418 2513 irrepsisse

617 2556 799 2647 putemus?
817 2554 1073 2627 Posterioribus
1092 2548 1303 2639 temporibus
1322 2568 1397 2619 eam
1416 2548 1528 2619 denuo
1546 2549 1704 2620 reiecisse
1723 2547 2135 2639 ridenturOlbiopolitae3
2155 2569 2230 2619 nam
2251 2549 2285 2618 in
2305 2546 2417 2618 titulis

615 2683 740 2754 aetatis
767 2681 942 2753 Romanae
970 2698 1137 2768 nusquam
1166 2673 1239 2746 fere
1266 2674 1451 2763 inuenitur,
1486 2692 1691 2762 quamquam
1719 2669 1755 2741 Ν
1783 2672 1893 2744 sorma
1925 2672 1976 2743 illi
2008 2673 2183 2744 simillima
2213 2672 2304 2744 haud
2335 2691 2416 2744 raro

614 2807 764 2880 obvenit.

722 2977 980 3044 Hepenorrm.
1004 2975 1108 3028 queam
1124 2972 1254 3026 nocuerim
1269 2972 1346 3026 (leun
1361 2971 1569 3026 noaadorauucs
1583 2988 1599 3026 o
1613 2971 1862 3040 conponumnurrh:
1880 2969 2417 3040 10000000Πο0000000000,Εοοι000

616 3070 867 3140 llioaacoeanoan,
890 3065 1051 3128 Ilocuuonili
1067 3063 1247 3132 Eaaparoas,
1272 3061 1638 3130 loquarnumquam,
1663 3061 1821 3115 Hermaeum
1835 3061 2058 3130 hlurpouopoas‚
2081 3061 2273 3116 doemonem
2287 3060 2416 3129 liparam·

617 3173 702 3225 roan,
726 3157 884 3226 ldpaauuus
897 3155 1036 3208 Enniana.
1061 3152 1253 3220 Ilpaaooamie
1276 3167 1398 3220 raepram
1422 3151 1541 3205 deracau
1565 3167 1689 3204 amacura
1707 3166 1748 3203 aa
1763 3165 2004 3222 cauponumnuny:
2030 3166 2062 3206 aa
2080 3152 2160 3206 druna
2176 3167 2291 3220 rmcauy
2309 3149 2416 3214 maheru

616 3247 775 3318 (aarum
790 3243 921 3315 monera),
935 3260 968 3300 aa
981 3259 1053 3312 onqy
1069 3261 1086 3295 u
1101 3257 1170 3312 aoay
1185 3272 1217 3281 —
1232 3257 1346 3310 rpncra²
1360 3257 1392 3294 aa
1406 3257 1485 3311 aoray
1499 3259 1533 3282 ⁴-
1548 3256 1762 3303 mecrsqecars.

1358 3473 1676 3484 -ι-ιι--ῌ

952 3695 984 3785 c)
1003 3695 1132 3764 decreta
1150 3697 1318 3764 exterarum
1337 3695 1500 3764 ciuitatium
1519 3697 1547 3762 tn
1568 3697 1708 3762 honorem
1728 3696 1965 3779 olbiopotilarum
1984 3697 2080 3764 lacta.

725 3915 790 4006 47,
811 3923 874 3996 «10
892 3924 1018 4015 oppido
1034 3923 1238 3997 Otscbahow
1253 3945 1280 3996 s.
1297 3921 1464 3995 Oezahow
1479 3923 1566 3994 vidit
1585 3917 1887 4013 Peyssonelius,
1907 3924 1944 3993 in
1963 3922 2061 3994 cuius
2081 3921 2217 3995 schedis
2234 3922 2278 3993 ab
2291 3920 2417 3994 Adalb.

589 4127 593 4148 ι,
619 4050 779 4142 Zieglero
802 4107 809 4121 .
831 4107 840 4122 .
863 4103 872 4120 .
892 4049 1053 4120 Lutetiae
1071 4049 1282 4122 Parisiorum
1311 4047 1475 4137 inspectis
1493 4047 1551 4118 hio
1569 4047 1691 4118 titulus
1718 4068 1752 4118 0.
1779 4050 1879 4119 2088
1904 4047 2018 4139 [nobis
2041 4048 2130 4140 103]
2151 4046 2302 4138 additur,
2321 4047 2420 4138 quasi

619 4153 767 4266 uterque
785 4196 875 4246 unus
892 4174 948 4245 sit.
970 4171 1038 4245 Sed
1058 4179 1242 4263 utrumque
1262 4173 1448 4262 separatim
1466 4172 1574 4244 edidit
1594 4171 1845 4244 Chandlerus
1863 4172 1972 4244 lusor.
1985 4172 2143 4263 Append.
2159 4193 2192 4262 p.
2211 4176 2260 4246 94
2275 4176 2312 4243 et
2329 4173 2421 4274 hunc

620 4300 759 4392 quidem
780 4320 813 4371 n.
839 4303 885 4370 10
905 4273 947 4368 err
966 4298 1102 4369 schedis
1121 4297 1209 4370 Rob.
1229 4297 1376 4390 Woodii‚
1407 4298 1466 4386 qui
1486 4303 1522 4367 et
1539 4298 1613 4386 ipse
1634 4297 1677 4368 ab
1696 4297 1763 4368 alio
1790 4303 1986 4387 acceperat.
2015 4297 2141 4370 Postea
2163 4297 2250 4388 lapis
2268 4297 2310 4368 ad
2329 4296 2419 4368 Fau·

620 4425 748 4498 veliam
760 4423 915 4498 Athenas
935 4424 1109 4513 pervenit;
1129 4422 1177 4493 ibi
1197 4423 1307 4494 denuo
1326 4421 1573 4511 transcriptum
1593 4427 1628 4493 et
1647 4422 1690 4493 ab
1705 4421 1794 4494 Rob.
1806 4422 1978 4513 Walpolio
1998 4443 2113 4494 secum
2133 4421 2420 4494 communicatum
2474 4479 2476 4484 .
2600 4471 2601 4476 ,

620 4550 758 4621 titulum
777 4548 906 4620 rectius
926 4547 1021 4620 dedit
1041 4545 1175 4620 Clark.
1195 4547 1276 4618 ltin.
1294 4545 1333 4616 T.
1351 4546 1367 4617 I
1385 4568 1419 4636 p.
1438 4549 1512 4618 618
1533 4567 1607 4638 sqq.
1627 4547 1695 4640 [ed.
1716 4552 1739 4616 4
1759 4568 1791 4618 v.
1812 4546 1846 4617 11
1865 4569 1899 4636 p.
1919 4547 2008 4640 357]
2027 4549 2151 4618 omisso
2170 4568 2204 4621 n.
2227 4549 2342 4637 2088,
2362 4546 2421 4638 qui

622 4673 767 4764 proinde
787 4692 853 4742 non
873 4673 978 4742 estin
998 4671 1152 4741 Fauvelii
1170 4670 1296 4760 lapide.
1316 4669 1371 4740 Ex
1386 4669 1581 4743 Chandlero
1600 4676 1636 4743 et
1651 4670 1800 4761 Clarkio,
1822 4673 1881 4744 sed
1901 4673 2070 4752 nonsatis
2089 4670 2249 4763 fideliter,
2269 4670 2423 4744 reddidit

619 4797 806 4869 Rachett.
835 4797 936 4867 Antt.
956 4793 1062 4885 Bosp.
1081 4794 1153 4866 tab.
1173 4795 1235 4868 XI.
1257 4795 1433 4868 Tractavit
1455 4796 1631 4868 Koehler
1650 4794 1727 4868 Act.
1745 4795 1853 4869 Acad.
1873 4795 2010 4868 Monac.
2031 4797 2070 4868 T.
2093 4795 2143 4868 VI
2161 4797 2262 4868 class.
2282 4796 2364 4867 hist.
2385 4802 2422 4868 et
2540 4779 2548 4788 ’

617 4920 703 5012 phil.
724 4941 758 5010 p.
783 4923 988 4992 130--133
1011 4919 1075 5012 [=
1098 4917 1177 4992 Ges.
1198 4919 1372 4992 Schriften
1392 4942 1424 4992 v.
1446 4919 1496 4992 VI
1515 4941 1548 5010 p.
1567 4921 1640 4991 295
1658 4920 1739 5014 sq.].
1759 4921 1813 4994 De
1832 4920 2200 4994 varietateClarkiana
2217 4919 2420 4992 018001101-

619 5045 715 5118 tiana
742 5045 829 5116 dixit
857 5044 1021 5117 nonnulla
1047 5045 1236 5136 Koeppen
1266 5045 1450 5135 Nordgcst.
1475 5046 1509 5116 d.
1529 5045 1632 5117 Pont.
1651 5066 1685 5135 p.
1709 5049 1771 5138 79,
1800 5047 1859 5119 sed
1879 5067 1947 5118 non
1967 5047 2079 5117 omnia
2097 5067 2212 5118 uere».
2242 5045 2418 5136 Boeoto,

620 5169 659 5242 d.
680 5167 708 5241 I.
731 5169 791 5242 Gr.
812 5169 847 5240 Π
867 5160 902 5240 n⁰
925 5172 1039 5240 2060.
1060 5169 1144 5239 Inde
1163 5177 1399 5262 sumpserunt:
1429 5170 1572 5260 Franz,
1592 5168 1773 5241 Elementa
1791 5171 1902 5261 epigr.
1921 5191 2067 5261 graecae
2085 5161 2122 5242 n⁰
2144 5173 2230 5258 1163
2249 5168 2421 5241 Dethier

620 5295 691 5367 und
710 5294 986 5385 Mordtmann,
1008 5293 1225 5385 Epigraphih
1245 5316 1311 5366 von
1322 5293 1514 5385 Byzantion
1533 5294 1602 5366 und
1615 5294 1937 5387 Constantinopolis,
1961 5293 2286 5387 lHalftelvindob.
2307 5294 2421 5384 1804)

619 5440 653 5511 p.
676 5423 724 5492 03
744 5417 780 5490 00
797 5419 898 5491 XLII
916 5418 995 5510 (litt.
1017 5419 1249 5510 minusculis);
1279 5419 1317 5490 Ρ.
1340 5407 1481 5511 Gauer,
1511 5417 1676 5491 Deiectus
1695 5421 1798 5492 inscr.
1822 5419 1945 5496 Graec.
1966 5437 2017 5510 pr.
2043 5421 2124 5492 dial.
2149 5417 2421 5492 memorabilium

618 5545 673 5617 ed.
699 5545 713 5616 l
738 5543 774 5615 n⁰
795 5548 856 5635 35,
876 5545 929 5628 00.
952 5549 973 5616 2
994 5541 1030 5614 n⁰
1054 5549 1121 5617 111
1146 5545 1217 5635 (hic
1236 5565 1372 5635 quoque
1391 5545 1460 5615 litt.
1481 5545 1705 5637 minusculis).

692 5665 694 5673 ’
724 5667 757 5740 E
785 5669 958 5760 lapidibus
985 5670 1161 5761 inscriptis
1190 5669 1470 5760 OlbiopolitaniS‚
1504 5671 1562 5760 qui
1591 5673 1627 5742 in
1657 5671 1861 5743 collectione
1893 5653 2102 5742 Fauveliana
2129 5670 2291 5742 dicuntur
2317 5667 2422 5741 fuisse

617 5794 732 5886 (nobis
759 5791 819 5865 nn⁰
847 5797 908 5866 47.
940 5798 1001 5867 53.
1032 5798 1204 5868 70102.
1234 5797 1332 5886 103),
1362 5794 1494 5864 nullum
1521 5794 1624 5867 hodie
1652 5796 1686 5866 in
1713 5795 1840 5868 muscis
1869 5795 2083 5868 Athenarum
2112 5794 2259 5886 publicis
2286 5799 2422 5866 exstare

620 5918 660 5993 P.
674 5917 906 5990 Eustratiadis
925 5940 958 5991 v.
979 5919 1022 5990 cl.
1044 5919 1112 5990 illis
1131 5921 1257 5990 muscis
1271 5920 1491 6009 praepositus
1507 5939 1569 6008 per
1584 5919 1628 5990 D.
1645 5917 1891 5991 Korolhovium
1912 5920 2088 6010 conlegam
2107 5925 2251 6008 rogatus
2269 5917 2418 6008 scripsit.

620 6042 774 6114 Titulum
792 6023 836 6114 ex
855 6041 893 6130 C.
914 6043 942 6114 1.
965 6041 1024 6114 Gr.
1046 6043 1183 6136 repetii.
