5530 7512
628 1087 676 1154 92
1400 1132 1413 1162 ,
1465 1080 1591 1154 Onera,
2144 1079 2366 1156 lusa-56.

624 1289 833 1366 Mortatsber.
854 1293 890 1365 d.
910 1291 1006 1365 Berl.
1023 1292 1148 1365 Abad..
1167 1296 1265 1365 1866
1283 1313 1317 1382 p.
1336 1295 1437 1384 572).
1458 1291 1502 1365 V.
1521 1297 1542 1364 6
1558 1291 1728 1391 Χοὺναρος
1743 1292 2142 1391 )()ιιοᾱιιι[11]οὑνα[γ]ος
2161 1299 2296 1368 mutare
2314 1297 2423 1370 voluit

625 1412 832 1513 B0eckbius)
850 1425 886 1491 et
903 1440 936 1490 v.
959 1421 979 1490 9
1001 1413 1220 1516 Οὺάρζβαλος
1238 1417 1325 1488 nulli
1343 1417 1548 1491 dubitationi
1566 1425 1647 1490 sunt
1665 1417 1821 1491 obnoxia.

728 1695 793 1782 55.
822 1703 913 1775 «Eia
931 1703 1040 1775 Bloclr
1057 1724 1125 1776 von
1145 1705 1296 1774 weissen
1316 1703 1493 1775 Marmor.
1508 1758 1516 1775 .
1530 1759 1551 1795 .,
1580 1703 1729 1776 welcher
1756 1701 1998 1793 urspringlich
2027 1703 2087 1774 das
2116 1702 2293 1778 Eckstlltlr
2323 1707 2416 1778 eines

624 1829 687 1899 mit
705 1829 840 1900 reicher
860 1827 1213 1918 Relief-Darstellnng
1231 1828 1428 1900 verzierten
1440 1827 1580 1900 Frieses
1599 1830 1692 1900 eines
1710 1826 2084 1930 grbsserenGebdudes
2103 1829 2256 1918 gebildet
2274 1831 2335 1901 bat
2353 1832 2421 1903 und

625 1951 777 2026 offenbar
795 1953 847 2024 bis
866 1956 902 2023 in
920 1954 979 2024 das
999 1954 1107 2024 vierte
1128 1953 1210 2024 oder
1238 1951 1349 2024 funfte
1368 1952 1607 2024 Jahrhnndert
1625 1975 1658 2025 v.
1681 1951 1766 2025 unr.
1788 1953 2041 2024 znrdrlrreicht.
2072 1951 2138 2024 Die
2166 1957 2422 2046 gegenwartige

624 2077 733 2150 Dirke
751 2077 891 2168 betrbgt
911 2083 930 2147 5
952 2075 1151 2150 Versabunt
1170 2081 1274 2170 (0,22
1296 2077 1436 2168 Mbtre),
1457 2077 1512 2148 die
1531 2077 1630 2148 bee
1649 2078 1718 2148 und
1738 2077 1857 2167 Ldnge
1872 2078 1908 2169 je
1933 2083 1978 2149 13
2000 2077 2143 2149 Versch.
2164 2083 2267 2170 (0,56
2289 2080 2393 2172 Μ.)..
2416 2136 2423 2152 .

624 2203 665 2274 In
683 2202 874 2274 rburiscber
891 2201 979 2292 Zeit,
1009 2208 1096 2273 etwa
1114 2203 1160 2272 im
1181 2203 1323 2274 zweiten
1341 2203 1581 2273 Jahrhundert
1598 2224 1630 2272 v.
1652 2201 1733 2294 [leg.
1754 2201 1858 2295 nach]
1879 2201 1976 2293 Chr,
2005 2203 2051 2274 ist
2070 2203 2131 2274 das
2149 2202 2322 2296 Gebdnde,
2353 2225 2419 2275 von

624 2325 744 2398 dessen
765 2327 863 2398 Fries
881 2348 945 2398 uns
965 2327 1074 2398 leider
1092 2348 1158 2399 nur
1176 2330 1231 2398 ein
1251 2349 1287 2400 so
1307 2327 1440 2399 kleiner
1457 2327 1555 2398 Theil
1574 2327 1730 2399 erhalten
1758 2327 1815 2416 ist,
1845 2333 1995 2398 zerstbrt
2014 2329 2154 2399 worden
2181 2330 2251 2400 und
2274 2329 2329 2400 die
2348 2330 2419 2400 ein·

624 2453 742 2523 zelnen
763 2451 1061 2524 Marmar-Bldeke
1081 2453 1193 2524 haben
1211 2453 1360 2524 anderen
1380 2453 1544 2524 Zwecken
1564 2452 1685 2522 dienen
1704 2459 1850 2523 missen.
1881 2452 1953 2523 Der
1972 2473 2035 2524 uus
2054 2453 2228 2524 erhaltene
2247 2453 2357 2525 Black
2374 2454 2420 2525 ist

624 2578 767 2650 benutzt
785 2578 935 2668 worden,
955 2599 1013 2648 urn
1032 2576 1094 2648 auf
1109 2577 1171 2648 der
1191 2577 1379 2648 Rbclrseite
1397 2578 1432 2647 in
1451 2597 1537 2666 ganz
1555 2575 1797 2648 fiacberb'orm
1816 2577 1915 2648 einen
1931 2576 2053 2650 Giebel
2073 2577 2332 2649 einznmeisseln
2352 2578 2422 2649 und

625 2701 793 2773 darunter
812 2700 867 2773 die
885 2699 1219 2792 folgendelnschrift
1236 2701 1482 2792 anzubringen,
1502 2701 1607 2771 deren
1618 2701 1714 2772 Ende
1728 2701 1854 2792 jedouh
1874 2703 1960 2773 noch
1980 2708 2097 2792 spltter
2116 2704 2179 2774 mit
2197 2705 2308 2774 einem
2320 2704 2419 2776 Theil

625 2825 685 2898 des
699 2825 826 2897 Bloclrs
845 2825 972 2896 wieder
990 2826 1149 2901 verloren
1167 2846 1346 2916 gegangen
1365 2817 1443 2896 ist».
1464 2823 1505 2895 L.
1527 2824 1724 2916 Stephani
1744 2826 1778 2896 in
1799 2826 2071 2917 Comme-reuda
2090 2827 2132 2899 de
2151 2828 2186 2900 la
2203 2829 2418 2901 summissior

624 2950 752 3040 Imptr.
773 2950 923 3023 archeol.
944 2971 1033 3040 pour
1051 2951 1187 3022 l’annde
1209 2954 1309 3023 1874
1329 2972 1362 3040 p.
1388 2953 1474 3022 100.

730 3073 836 3165 Lapis
854 3097 886 3148 a.
906 3078 1003 3147 1873
1021 3077 1056 3146 in
1071 3073 1192 3148 Olbiae
1211 3075 1394 3148 ruderibus
1413 3076 1455 3146 ab
1476 3076 1524 3146 Io.
1546 3071 1587 3146 G.
1609 3072 1633 3146 l.
1653 3073 1817 3146 Zabelino
1837 3079 1996 3165 repertus
2006 3074 2184 3168 Petropoli
2203 3083 2365 3150 serretur
2384 3077 2419 3148 in

624 3219 742 3274 museo
761 3200 938 3291 Imperiali
956 3201 1048 3291 quod
1066 3205 1213 3274 vocatur
1231 3199 1420 3290 Ermitage.
1441 3198 1628 3292 Exscripsi.

730 3413 745 3468 1
909 3395 1344 3472 ᾹΓᾹΘΗΙΤΥΧΗΙ
1865 3391 2131 3494 Ἀγαθῆιτὺχηι.

818 3517 1510 3594 ΑΠΟΛΛΩΝΙΠΡΟΣΤΑΤΗΙ
1743 3514 1925 3589 Ἀπόλλωνι
1957 3515 2149 3617 Προστάτηι
2181 3527 2210 3589 οἱ
2243 3523 2314 3616 περὶ

819 3647 1004 3719 ΟΙΠΕΡΙ
1018 3645 1557 3720 ΚΑΡᾹΣΤΟΗΣΛΡΛΤΟΥ
1682 3637 1861 3739 Κάραστον
1881 3639 2032 3740 Σαράτου
2051 3643 2245 3739 στρατηγοί·

819 3773 899 3847 ΣΤ
910 3770 1044 3844 ΡΑΤΗ
1055 3771 1119 3844 ΓΟ
1133 3774 1142 3843 Ι
1154 3771 1259 3842 ΝΛΜ
1272 3771 1334 3846 ΓΙ·Ι
1344 3771 1372 3842 Η
1382 3769 1461 3843 ΟΣ
1735 3763 1918 3863 Νάμγηνος
1937 3757 2171 3864 Νεικοδρὸμου,

729 3913 745 3964 5
818 3893 1531 3968 ΗΕΙΚΟΔΡΟΜΟΥΟΡΟΗΤΗΣ
1734 3886 1896 3988 Ὀρόντης
1916 3888 2086 3989 Ὀρόντου,

819 4022 926 4094 ΟΡΟ
936 4019 1200 4093 ΗΤΟΥΟΥΣΙ
1216 4020 1244 4091 Γ
1246 4019 1353 4092 Α·Σο
1365 4019 1399 4092 Σ
1409 4018 1465 4091 ΣΙ
1481 4019 1545 4089 en
1735 4015 1931 4111 Οὺσίγασος
1946 4013 2100 4116 Σιράχου,

818 4144 1060 4218 ΧΟΥΤΛΗ
1074 4143 1172 4216 ult
1187 4143 1352 4216 ΣΟΣΧ
1363 4146 1397 4216 Ο
1408 4142 1477 4215 rb
1490 4144 1513 4213 P
1735 4136 1923 4222 Τανάσισος
1941 4137 2170 4239 Χουαρσάζου,

819 4265 1527 4342 ΣᾹΖΟΥΚΑΣΑΙΣΠᾹΡΗΟΥ
1736 4263 2019 4366 ΚάσαϊςΠάρνου

1187 4389 1208 4448 *⁸
1220 4393 1250 4436 Ν
1266 4390 1283 4436 ¹
1302 4393 1326 4442 Ρ
1339 4393 1368 4462 Γ
1377 4393 1409 4461 Υ
1424 4389 1493 4461 Pu
1508 4390 1536 4461 Η
1684 4390 1867 4484 [ἀνέθηκαν
1886 4391 2034 4491 φιὲληΡ]ν
2053 4393 2203 4492 ἀργυρᾶν
2223 4389 2299 4464 κτλ.

729 4587 783 4660 De
800 4585 936 4659 nomine
955 4585 1049 4677 quod
1067 4592 1120 4658 est
1137 4581 1318 4684 Κάραστος
1337 4605 1370 4657 r.
1392 4605 1479 4675 quae
1497 4585 1568 4659 (lixi
1585 4587 1629 4659 ad
1646 4578 1683 4658 n⁰
1703 4588 1763 4658 52.

729 4879 796 4966 56.
825 4887 957 4960 Tabula
976 4887 1114 4976 integra
1131 4887 1313 4958 marmoris
1331 4888 1484 4959 caerulei
1502 4908 1534 4958 a.
1558 4890 1644 4980 1,24
1665 4908 1724 4980 ιιι,
1744 4885 1768 4958 l.
1789 4890 1891 4979 opt,
1912 4907 1960 4959 cr.
1982 4889 2084 4977 0,10,
2108 4885 2197 4958 infra
2215 4907 2281 4959 non
2298 4888 2416 4978 polita.

625 5011 731 5083 Tituli
751 5012 890 5084 litterae
910 5012 1085 5102 elegantes
1104 5011 1194 5082 altae
1213 5017 1292 5082 sunt
1312 5012 1591 5103 0,025-0,03;
1619 5031 1673 5082 vv.
1699 5014 1824 5082 1—10
1844 5012 1982 5083 litterae
2003 4999 2104 5083 ᾹΔᾹ
2122 5016 2158 5082 et
2175 5010 2254 5082 inde
2272 5031 2293 5082 a
2311 5025 2346 5083 v:
2370 5016 2412 5084 11

626 5133 699 5207 fere
725 5157 842 5209 omnes
868 5135 1025 5226 apicibus
1054 5140 1197 5207 ornatae
1226 5141 1318 5210 sunt.
1347 5136 1434 5207 «Ed.
1455 5135 1647 5224 Koeppen
1665 5134 1852 5225 Nordgest.
1872 5136 1905 5207 d.
1926 5135 2028 5207 Pont.
2053 5155 2086 5224 p.
2108 5138 2155 5206 81
2176 5157 2212 5206 n.
2234 5138 2268 5206 3.
2289 5155 2332 5206 ex
2352 5156 2420 5225 quo

627 5257 813 5332 Osannus
834 5260 920 5350 Syll.
940 5283 974 5352 p.
998 5265 1084 5334 229.
1116 5261 1188 5333 Nos
1206 5264 1401 5333 accuratius
1420 5259 1540 5332 damus
1559 5281 1600 5330 ex
1623 5261 1707 5350 ipsis
1726 5260 1917 5349 Koeppenii
1937 5259 2081 5349 schedis
2101 5260 2137 5329 in
2155 5259 2280 5349 quibus
2296 5280 2347 5331 vs.
2371 5261 2418 5330 10

625 5384 661 5453 in
679 5384 772 5456 edito
790 5385 972 5457 lacunosus
992 5386 1178 5458 exhibetur
1192 5386 1339 5475 integer,
1359 5384 1432 5455 fere
1451 5390 1490 5454 nt
1508 5405 1586 5455 eum
1605 5386 1640 5454 in
1659 5384 1773 5474 lapide
1791 5385 1957 5474 scriptum
1973 5403 2047 5454 esse
2065 5382 2326 5456 docetKoebler
2340 5383 2416 5455 adv.

625 5507 799 5600 Koeppen.
821 5531 854 5599 p.
876 5511 924 5580 43
946 5509 1010 5602 [=
1032 5509 1112 5584 Ges.
1133 5510 1231 5582 Sebr.
1251 5531 1284 5580 v.
1304 5509 1341 5580 ΙΙ
1359 5529 1392 5598 p.
1415 5509 1512 5602 34]a.
1533 5509 1713 5600 Boeckb,
1734 5507 1772 5581 G.
1793 5509 1822 5582 Ι.
1843 5506 1905 5581 Gr.
1925 5508 1960 5579 Π
1978 5499 2014 5578 n⁰
2035 5506 2184 5600 20741).

686 5789 710 5860 1)
724 5789 801 5858 Quod
811 5789 968 5845 Boeckblus
976 5789 1005 5842 in
1015 5787 1070 5843 line
1080 5784 1214 5840 lemmatis
1225 5781 1331 5838 addidit
1341 5782 1507 5838 Koehlerurn
1543 5784 1621 5841 Schr.
1636 5785 1649 5839 1
1667 5801 1693 5854 p.
1708 5785 1759 5854 34),
1779 5799 1879 5840 nomen
1898 5784 1968 5853 quod
1986 5788 2029 5840 est
2042 5775 2194 5852 Νουμήνιος
2208 5777 2420 5852 Ῥαδαμψῶντος

629 5877 663 5933 de
673 5879 726 5934 boc
735 5880 816 5934 titulo
825 5879 929 5934 dixisse
938 5878 1021 5932 etiam
1031 5879 1060 5930 in
1069 5875 1163 5929 libello
1174 5871 1507 5945 «Medaillesdreequesa,
1543 5875 1639 5930 attulit
1653 5889 1687 5928 ex
1701 5889 1734 5928 eo
1743 5873 1833 5944 titulo,
1842 5873 1888 5942 qui
1899 5874 1979 5929 nobis
1989 5879 2032 5929 est
2042 5877 2084 5942 50,
2097 5873 2132 5929 de
2146 5873 2199 5929 boc
2207 5881 2299 5930 autem
2307 5889 2420 5943 prorsus

627 5973 658 6022 nl
680 5969 739 6038 ipse
763 5984 779 6023 e
802 5966 955 6037 Koeppenii
979 5966 1051 6020 libro
1073 5963 1189 6031 videret,
1209 5960 1238 6018 id
1262 5977 1354 6016 verum
1377 5977 1433 6017 non
1456 5970 1507 6020 est.
1543 5963 1612 6018 nibil
1626 5963 1704 6018 dixit.

626 6056 782 6114 Koehlerus
801 6059 874 6113 enim
888 6071 921 6112 eo
934 6055 1002 6122 loco,
1017 6068 1097 6123 quern
1110 6049 1233 6108 laudarit
1245 6051 1379 6121 Koeppen
1393 6055 1427 6122 (r.
1441 6052 1507 6110 Ges.
