5530 7512
630 1144 678 1214 86
1446 1137 1574 1209 Onam.

625 1353 774 1443 denique
792 1351 968 1426 Mercurio
988 1351 1147 1452 Forensi,
1164 1357 1204 1423 ut
1220 1372 1284 1442 par
1301 1357 1366 1442 est,
1387 1351 1544 1424 obstricti
1561 1357 1641 1422 sunt
1660 1353 1758 1441 eique
1776 1348 1908 1424 faciunt
1925 1357 2006 1422 vota
2023 1351 2105 1443 (titt.
2129 1355 2189 1424 75.
2212 1356 2233 1424 7
2239 1353 2285 1444 6).
2314 1353 2422 1426 Prae·

626 1482 724 1550 terea
741 1483 876 1550 exstant
892 1477 1025 1568 aliquot
1042 1478 1309 1567 subscriptiones
1327 1476 1547 1549 donariorum
1560 1475 1691 1547 Achilli
1704 1474 1921 1547 Pontarchae
1941 1496 1961 1546 a
1979 1475 2217 1548 sacerdotibus
2237 1477 2421 1566 quotannis

626 1604 750 1674 creatis
769 1601 974 1675 oblatorum.
1000 1601 1172 1674 Numerus
1191 1603 1379 1685 titulorum,
1401 1602 1459 1692 qui
1478 1601 1745 1691 uniuscuiusque
1764 1601 1819 1672 dei
1838 1597 1990 1671 referant
2008 1621 2142 1693 nomen,
2164 1602 2347 1673 admodum
2367 1607 2420 1674 est

626 1728 759 1818 dispar:
788 1727 1008 1800 donariorum
1034 1726 1122 1804 enim
1151 1748 1171 1798 a
1198 1728 1415 1818 praetoribus
1444 1727 1596 1817 Apollini
1623 1726 1806 1798 Prostatae
1834 1726 2027 1797 oblatorum
2055 1726 2132 1816 plus
2157 1726 2280 1818 viginti
2308 1727 2421 1799 adhuc

626 1852 791 1925 habemus
809 1850 938 1941 titulos,
959 1872 1037 1923 cum
1047 1850 1193 1923 Achillis
1202 1851 1418 1924 Pontarchae
1431 1872 1558 1922 nomen
1572 1851 1774 1940 inscriptum
1789 1851 1856 1922 duo
1871 1852 2106 1922 tantummodo
2120 1858 2320 1940 praetorum
2336 1852 2422 1943 lapi-

626 1979 686 2050 des
704 1976 863 2068 habeant,
885 1975 1094 2065 totidemque
1113 1977 1183 2046 sint
1200 1975 1343 2047 donaria
1360 1975 1405 2047 ab
1423 1975 1644 2048 archontibus
1664 1976 1774 2046 eidem
1793 1974 1924 2062 oblata3
1954 1975 2115 2047 aedilium
2138 1977 2231 2047 tituli
2254 1976 2337 2047 item
2356 1977 2422 2048 duo

625 2102 737 2173 adhuc
765 2105 1046 2190 comparuerunt,
1081 2100 1299 2171 sacerdotum
1326 2108 1416 2188 tres3
1444 2099 1576 2170 Phoebi
1604 2120 1726 2171 nomen
1754 2099 1846 2170 solus
1878 2099 1931 2170 tit.
1963 2103 2012 2170 74
2041 2098 2152 2172 refert
2177 2100 2334 2192 idemque
2361 2099 2421 2171 ad·

626 2225 763 2296 modum
783 2224 970 2295 mutilatus.
1006 2221 1107 2312 Quod
1130 2228 1246 2294 utrum
1274 2244 1356 2295 casu
1385 2224 1550 2316 evenerit,
1579 2246 1623 2293 an
1645 2224 1759 2312 potius
1787 2244 1828 2294 eo
1856 2223 2096 2312 explicandum
2124 2224 2181 2314 sit,
2211 2226 2303 2314 quod
2321 2244 2421 2314 prae·

625 2358 719 2421 tores
734 2349 886 2439 Apollini
900 2348 1083 2420 Prostatae
1101 2349 1284 2438 quotannis
1304 2349 1446 2419 donaria
1460 2348 1618 2418 dedicare
1638 2347 1730 2418 soliti
1748 2348 1828 2437 sint,
1849 2348 1977 2419 Achilli
1996 2368 2076 2419 vero
2091 2348 2306 2419 Pontarchae
2329 2349 2421 2420 aliis·

627 2494 691 2563 qne
714 2473 767 2544 dis
790 2474 903 2544 rarius
922 2473 1077 2544 exsoluta
1101 2472 1169 2542 sint
1187 2478 1267 2544 vota
1285 2493 1305 2542 a
1324 2472 1593 2562 magistratibus,
1622 2472 1762 2543 decerni
1785 2491 1851 2542 non
1879 2477 2007 2562 potest;
2037 2473 2110 2578 veri
2137 2473 2280 2543 similius
2307 2479 2422 2544 tamen

626 2599 691 2670 hoc
709 2598 856 2688 videtur,
881 2597 962 2687 quia
979 2617 1059 2668 casu
1078 2601 1148 2667 tam
1171 2597 1342 2686 disparem
1370 2596 1551 2668 titulorum
1570 2616 1750 2666 numerum
1768 2597 1803 2666 in
1823 2597 1933 2666 lucem
1952 2595 2119 2684 prodiisse
2142 2597 2253 2667 minus
2272 2601 2324 2666 est
2342 2617 2422 2685 pro-

625 2721 750 2794 babile.
781 2722 836 2793 Ad
858 2721 1088 2793 dedicationes
1115 2721 1353 2793 inscribendas
1381 2741 1531 2792 marmor
1559 2721 1762 2811 plerumque
1789 2719 2033 2808 adhibebatur3
2063 2720 2258 2809 paucissimi
2288 2727 2424 2792 exstant

625 2847 720 2918 tituli
738 2848 774 2917 in
791 2846 904 2936 lapide
923 2846 1079 2917 arenario
1098 2847 1247 2935 exarati3
1267 2847 1397 2918 erravit
1414 2846 1520 2936 igitur
1538 2844 1745 2935 Kochlerus,
1767 2865 1844 2915 cum
1863 2844 1997 2915 diceret
2015 2841 2221 2934 (Commeat.
2242 2844 2365 2916 deins.
2386 2851 2423 2916 et

627 2969 892 3042 cursuAchillis
909 2991 944 3060 p.
965 2971 1053 3062 108)
1071 2969 1190 3042 titulos
1209 2971 1243 3042 in
1262 2971 1423 3042 honorem
1435 2969 1582 3041 Achillis
1600 2971 1732 3059 positos
1750 2969 1785 3039 in
1805 2989 1974 3040 marmore
1992 2973 2151 3040 exaratos
2170 2989 2257 3059 esse,
2277 2970 2422 3040 aliorum

627 3095 768 3167 deorum
787 3096 822 3165 in
841 3094 953 3185 lapide
973 3096 1146 3183 arenari03
1176 3097 1274 3165 cuius
1292 3096 1421 3166 erroris
1440 3095 1545 3165 etiam
1564 3095 1623 3165 alii
1643 3094 1779 3185 quidam
1798 3094 1865 3164 viri
1883 3093 1975 3164 docti
1994 3101 2074 3164 sunt
2101 3095 2285 3183 participes
2304 3095 2370 3185 (ex.
2391 3115 2421 3165 6.

626 3241 739 3293 66666
765 3219 905 3293 Uvarov
923 3219 1031 3292 Rech.
1051 3241 1085 3310 p.
1108 3224 1156 3292 45
1177 3227 1214 3291 66
1238 3221 1300 3308 47,
1330 3218 1513 3290 Modestov
1535 3219 1558 3290 1.
1583 3220 1607 3292 l.
1632 3219 1676 3292 ad
1700 3215 1736 3289 n⁰
1757 3223 1818 3309 71,
1847 3240 1881 3308 p.
1910 3219 2010 3307 506).
2047 3218 2200 3290 Donaria
2226 3220 2301 3308 ipsa
2327 3219 2423 3289 varia

626 3343 781 3415 fuerunt:
815 3363 836 3414 a
866 3343 1086 3434 praetoribus
1117 3342 1271 3433 Apollini
1302 3342 1490 3414 Prostatae
1522 3345 1672 3415 omnium
1705 3341 1903 3432 saepissime
1928 3341 2102 3414 Victoriae
2135 3349 2269 3414 statuae
2301 3341 2423 3414 offere·

626 3469 758 3540 bantur
772 3489 900 3540 aureae
918 3467 994 3558 (59.
1018 3471 1079 3539 61.
1103 3468 1167 3558 63)
1185 3467 1239 3538 vel
1259 3475 1444 3556 argenteae
1463 3466 1541 3558 (53)
1559 3466 1614 3538 vel
1634 3487 1756 3538 aureae
1780 3486 1858 3537 cnm
1885 3463 1959 3536 basi
1982 3474 2146 3556 argentea
2164 3465 2241 3558 (56.
2263 3469 2324 3538 70.
2347 3467 2423 3556 71),

625 3593 798 3665 interdum
825 3598 970 3683 torques
996 3591 1093 3663 aurei
1111 3594 1188 3682 (50.
1211 3594 1271 3662 54.
1295 3593 1355 3662 57.
1378 3593 1441 3683 64)
1460 3597 1496 3663 66
1513 3591 1650 3681 phialae
1678 3596 1863 3680 argenteae
1881 3591 1957 3682 (52.
1981 3591 2052 3662 55?
2074 3594 2121 3662 62
2142 3590 2216 3683 [ubi
2244 3598 2426 3681 praeterea

626 3724 837 3790 memoratur
865 3713 978 3801 κλείνη
1006 3708 1126 3808 λειτῇ).
1149 3715 1213 3808 67)
1232 3719 1268 3787 66
1286 3736 1432 3787 coronae
1458 3736 1585 3787 aureae
1603 3715 1693 3804 (68).
1713 3714 1889 3786 Victoriae
1916 3720 2050 3787 statuae
2070 3722 2254 3806 argenteae
2281 3717 2364 3790 item
2383 3715 2426 3786 ab

626 3840 796 3912 aedilibus
815 3839 993 3911 Mercurio
1021 3837 1253 3911 offerebantur
1269 3843 1306 3930 (7
1313 3843 1346 3912 5.
1368 3844 1390 3911 7
1396 3841 1443 3929 6).
1473 3840 1703 3912 Donariorum
1723 3839 1852 3910 Achilli
1879 3838 2096 3911 Pontarchae
2124 3839 2316 3912 oblatorum
2344 3838 2424 3911 sub·

625 3965 831 4055 scriptiones
849 3983 891 4035 ea
909 3984 948 4034 re
962 3983 982 4034 a
996 3963 1122 4035 ceteris
1141 3961 1314 4054 differunt,
1334 3964 1426 4054 quod
1442 3965 1578 4036 donarii
1592 3985 1714 4036 nomen
1732 3965 1769 4034 in
1787 3964 1836 4034 eis
1855 3984 1922 4034 non
1941 3965 2125 4055 indicatur,
2146 3966 2206 4037 sed
2224 3965 2423 4055 simpliciter

626 4089 754 4163 dicitur
779 4081 994 4188 χαριστήριον
1013 4092 1156 4178 excepto
1175 4088 1229 4159 tit.
1253 4092 1315 4180 81,
1345 4089 1404 4160 ubi
1425 4109 1552 4161 corona
1569 4092 1783 4160 memoratur
1801 4107 1822 4158 a
1840 4090 2017 4161 sacerdote
2037 4090 2164 4162 oblata.
2196 4089 2276 4161 Mos
2299 4090 2426 4180 ipsein

626 4239 714 4289 nova
732 4217 869 4288 demum
888 4216 974 4289 urbe
989 4222 1071 4316 post
1089 4214 1246 4289 Geticam
1265 4218 1490 4289 vastationem
1511 4218 1674 4289 restituta
1693 4217 1864 4288 exstitisse
1882 4217 2035 4289 videtur:
2065 4223 2158 4289 certe
2178 4218 2293 4288 661166
2312 4217 2425 4289 adhuc

625 4343 660 4412 iu
678 4343 791 4414 lucem
805 4341 936 4431 prodiit
953 4341 1086 4432 titulus,
1106 4361 1207 4432 quem
1225 4341 1478 4432 antiquioribus
1496 4340 1710 4431 temporibus
1724 4340 1920 4413 adscribere
1934 4341 2055 4428 liceat;
2076 4361 2193 4411 omnes
2212 4344 2270 4430 qui
2290 4346 2426 4412 exstant

625 4467 829 4538 recentioris
856 4471 937 4537 sunt
963 4467 1098 4556 aetatis,
1127 4467 1295 4557 plerique,
1325 4473 1364 4537 ut
1383 4465 1533 4556 videtur,
1562 4465 1703 4538 secundi
1731 4467 1866 4537 tertiive
1889 4487 1922 4556 p.
1945 4465 2027 4537 tlhr.
2048 4465 2187 4537 saeculi.
2216 4465 2255 4535 Id
2275 4466 2422 4553 primum

530 4592 532 4598 ’
625 4591 818 4681 scripturae
836 4589 1029 4661 rationibus
1047 4589 1227 4681 probatur,
1252 4589 1372 4661 deinde
1392 4591 1569 4662 erroribus
1587 4591 1862 4681 orthographicis
1880 4598 1916 4662 et
1935 4589 2156 4680 soloecismis,
2178 4590 2235 4679 qui
2254 4590 2289 4659 in
2308 4591 2425 4662 multis

625 4717 847 4805 reperiuntur
865 4714 975 4787 titulis
992 4715 1153 4808 (exempli
1172 4735 1275 4787 causa
1292 4711 1413 4814 λὸνχαι
1431 4719 1467 4786 66
1484 4705 1670 4811 παιδήματι
1688 4735 1749 4804 pro
1768 4713 1883 4820 λόγχῃ
1904 4719 1939 4785 66
1956 4705 2128 4810 πηδήματι
2147 4704 2182 4782 n⁰
2199 4716 2220 4784 7
2226 4717 2247 4785 7
2252 4736 2260 4801 ;
2280 4713 2422 4811 χρύσεος

624 4838 736 4911 forma
753 4860 829 4929 gen.
850 4836 929 4914 lem.
949 4831 1009 4910 nn⁰
1025 4841 1087 4912 55.
1109 4841 1170 4912 59.
1193 4843 1254 4912 61.
1277 4843 1337 4911 63.
1361 4842 1422 4930 71,
1451 4838 1611 4937 ἀργύρεος
1638 4839 1760 4910 itidem
1779 4829 1838 4908 un⁰
1854 4839 1915 4909 55.
1938 4841 1982 4908 71
2007 4837 2089 4928 666.)
2109 4839 2235 4927 quique
2256 4837 2423 4908 sermonis

626 4965 832 5054 pravitatem
864 4963 1033 5055 indicant,
1067 4964 1188 5035 Dionis
1220 4983 1355 5054 quoque
1388 4964 1584 5035 testimonio
1618 4961 1817 5053 probatam3
1851 4969 1924 5033 666
1956 4961 2148 5032 nominibus
2182 4962 2323 5051 originis
2354 4982 2421 5033 non

626 5107 785 5178 graecae,
805 5088 930 5176 quibus
948 5087 1041 5158 tituli
1060 5085 1180 5159 referti
1199 5093 1291 5176 sunt,
1321 5087 1470 5177 denique
1489 5086 1682 5158 nominibus
1700 5086 1903 5175 quibusdam
1922 5087 2084 5176 romanis,
2110 5086 2256 5156 manime
2275 5086 2421 5176 impera·

626 5212 738 5306 toriis,
765 5211 888 5302 quibus
914 5212 1161 5301 imperatorum
1189 5218 1302 5284 aetate
1328 5233 1495 5304 persaepe
1524 5219 1559 5283 et
1586 5211 1713 5301 ubique
1741 5230 1821 5282 usos
1849 5230 1925 5280 esse
1950 5207 2136 5280 Graeculos
2164 5210 2222 5278 vix
2250 5215 2304 5280 est
2332 5209 2423 5300 quod

530 5409 531 5412 ,
629 5357 794 5408 moneam.
823 5336 1009 5408 Praeterea
1030 5337 1215 5408 tenendum
1234 5336 1362 5408 multos
1389 5338 1508 5408 titulos
1527 5337 1617 5407 haud
1638 5335 1767 5425 magnis
1785 5335 1949 5422 temporis
1967 5335 2086 5423 spatiis
2112 5333 2204 5404 inter
2222 5354 2257 5404 se
2277 5334 2423 5422 distare3

627 5481 729 5550 saepe
747 5462 835 5531 enim
855 5467 916 5532 aut
934 5459 1051 5533 eadem
1071 5462 1208 5531 nomina
1227 5462 1262 5530 in
1281 5461 1414 5533 duobus
1426 5462 1583 5533 tribusve
1598 5461 1710 5532 titulis
1724 5463 1911 5530 occurrunt
1929 5463 1991 5528 aut
2009 5458 2146 5529 nomina
2163 5479 2250 5547 quae
2269 5458 2420 5529 eiusdem

627 5585 741 5674 gentis
758 5585 912 5657 homines
939 5585 1135 5678 ostendunt,
1164 5584 1311 5674 exempli
1328 5605 1430 5656 causa
1449 5591 1564 5674 patres
1583 5590 1619 5655 et
1637 5583 1726 5654 filios
1744 5583 1912 5674 (exempla
1931 5583 1965 5651 in
1986 5582 2263 5653 adnotationibus
2291 5582 2421 5652 indica·

628 5708 782 5798 buntur).
811 5707 898 5779 (lum
917 5714 1032 5780 autem
1052 5708 1164 5780 desint
1191 5709 1393 5798 plerumque
1410 5709 1548 5792 indicia,
1571 5728 1657 5797 quae
1680 5707 1944 5795 uniuscuiusque
1972 5705 2065 5775 tituli
2093 5707 2199 5776 aetati
2226 5693 2421 5776 accuratius

628 5831 837 5904 definiendae
851 5835 1055 5925 inserviant,
1070 5835 1216 5925 ideoque
1229 5833 1348 5904 ordine
1362 5833 1604 5923 chronologico
1620 5833 1800 5920 disponere
1821 5851 1877 5901 eos
1891 5851 1956 5900 non
1972 5831 2121 5920 licuerit,
2138 5831 2289 5920 disposui
2303 5830 2422 5900 ordine

630 5947 845 6048 alphabetico
864 5981 883 6030 o
902 5959 1097 6030 nominibus
1116 5980 1232 6030 eorum
1251 5963 1371 6049 petito,
1391 5961 1449 6050 qui
1469 5960 1612 6050 singulis
1632 5958 1892 6044 magistratuum
1913 5954 2077 6044 conlegiis
2095 5952 2331 6043 praefuissent.

1374 6149 1682 6160 ψη...-
