5532 7510
429 1056 466 1133 di
488 1061 706 1134 214-215.
1064 1059 1188 1130 Tmou
1205 1075 1467 1130 55555555555.
2089 1059 2162 1129 205

481 1273 706 1366 Epigramma
722 1270 828 1344 151555
847 1277 907 1344 551
924 1273 1098 1344 heroicum
1116 1277 1178 1343 aut
1195 1271 1384 1362 elegiacum
1402 1270 1490 1342 vidit
1507 1268 1711 1343 Boeckhins.
1742 1262 1938 1368 Ποθήσιμος
1958 1230 2165 1344 adieetivum

377 1401 452 1490 (pro
471 1420 538 1490 quo
561 1399 741 1490 legebatur
760 1396 959 1495 πολὺτειμος
979 1398 1128 1470 secunda
1145 1417 1214 1470 non
1232 1396 1318 1468 bene
1337 1395 1518 1488 producta)
1539 1395 1672 1468 ridetur
1691 1415 1766 1468 esse
1784 1417 1921 1469 norum.
1935 1417 1937 1424 ·
1951 1393 2167 1469 Litteratura

378 1530 432 1596 est
449 1525 696 1614 imperatorum
714 1523 850 1596 aetatis.

397 1797 399 1804 ’
483 1761 571 1850 214.
600 1771 749 1844 «Tabula
767 1771 969 1862 sepulcralis
993 1769 1179 1862 pyramidis
1197 1771 1348 1842 abscisae
1367 1771 1515 1860 speeiem
1534 1770 1675 1842 habens.
1706 1763 1816 1863 [lnest
1835 1765 2078 1862 anaglyphum,
2099 1790 2167 1862 quo

378 1883 697 1990 repraesentantur]
713 1899 764 1967 vir
779 1896 915 1968 chilone
929 1899 963 1966 51
978 1896 1119 1966 himatio
1133 1895 1292 1984 amictus,
1312 1895 1433 1966 dextra
1447 1901 1576 1968 vestem
1595 1896 1686 1988 apud
1705 1903 1825 1986 peetus
1845 1895 2008 1986 retinens
2028 1897 2168 1968 sinistra

378 2022 507 2113 aliquid
521 2025 656 2106 tene'ns;
679 2043 710 2095 a.
724 2019 783 2117 6¹l,
799 2021 964 2092 verschok
977 2020 1107 2112 [0,287
1119 2019 1194 2114 m.],
1213 2022 1238 2092 l.
1257 2041 1362 2110 supra
1376 2019 1435 2124 4¹l,
1450 2044 1481 2092 v.
1499 2019 1634 2114 [o,2o],
1654 2018 1814 2116 15155711,
1827 2042 1859 2092 v.
1877 2020 2009 2114 [0,33].
2032 2021 2168 2092 Titulus

378 2146 420 2216 ab
442 2152 587 2238 utraque
606 2146 789 2236 anaglyphi
808 2152 907 2236 parte
925 2147 1052 2217 incisus
1071 2153 1156 2217 est».
1176 2143 1409 2217 Kondakor.
1428 2144 1485 2236 (el.
1507 2145 1709 2220 Mansvetov
1727 2165 1761 2235 p.
1784 2150 1826 2218 51
1852 2136 1887 2216 n⁰
1909 2147 1981 2236 13).

661 2328 673 2375 1
747 2305 913 2395 ΑΛ(Μ)Ι
1129 2304 1212 2377 ΣΗ

746 2429 905 2519 (ΘΡ)ΟΟ
1123 2429 1223 2504 0Αο

750 2553 920 2626 ΗΡΑΚΛ
1093 2553 1263 2628 etatae

758 2678 904 2751 ΙΑΝΟ

659 2823 674 2874 5
810 2803 838 2875 C

484 2923 647 2996 Defuncti
665 2945 785 2996 nomen
805 2931 901 2998 certo
919 2925 1113 2998 restituisse
1132 2925 1215 2997 mihi
1233 2926 1361 2998 videor.
1381 2923 1468 2997 Nam
1487 2947 1519 2996 v.
1545 2931 1561 2997 1
1583 2932 1661 3016 post
1681 2927 1712 2999 Λ
1731 2926 1848 2999 littera
1868 2931 1901 2998 Μ
1921 2928 2018 3000 uncis
2036 2927 2169 3000 inclusit

380 3049 465 3120 nihil
494 3049 587 3124 aliud
614 3047 972 3140 significarevolnisse
990 3049 1129 3122 videtur
1147 3050 1400 3144 Koudalrovius‚
1430 3051 1494 3122 nisi
1522 3051 1690 3122 incertum
1710 3073 1793 3142 esse,
1823 3058 1937 3124 utrum
1957 3057 1990 3127 Λ
2008 3052 2167 3125 fueritin

380 3171 549 3262 lapide'an
564 3180 614 3247 M:
635 3176 723 3247 hane
742 3182 857 3247 antem
876 3177 1027 3248 litteram
1042 3173 1203 3246 facillime
1217 3196 1293 3247 eum
1311 3180 1356 3249 ΙΛ
1370 3197 1469 3266 posse
1484 3173 1643 3247 confundi
1657 3177 1733 3266 quis
1747 3179 1898 3250 neseiat?
1915 3177 2080 3252 Similiter
2094 3201 2125 3251 v.
2145 3180 2166 3248 2

381 3298 426 3370 in.
445 3301 475 3375 Θ
494 3299 645 3371 litteram
664 3322 730 3373 non
748 3299 854 3373 luisse
872 3301 1048 3393 inlepide,
1069 3301 1128 3372 sed
1147 3301 1265 3373 eadem
1284 3301 1326 3373 de
1346 3322 1447 3374 causa
1465 3301 1615 3372 additam
1634 3321 1697 3390 pro
1716 3308 1811 3374 certo
1829 3303 1948 3375 habeo.
1969 3302 2048 3374 Viri
2066 3323 2166 3393 prae·

380 3443 504 3495 nomen
523 3430 559 3497 et
577 3445 699 3496 nomen
718 3427 760 3496 ab
779 3425 957 3498 Hadriano
975 3421 1112 3497 fluxisse
1130 3447 1198 3498 non
1216 3431 1269 3497 est
1288 3427 1378 3517 quod
1395 3446 1560 3500 moneam.

1379 2481 1454 2575 [ll]
1475 2475 1862 2580 Α(171)ιοςἭρακλιανὸς,

1476 2598 1765 2700 ΜΜΜΜ

488 3577 743 3644 ssepenorrn..
758 3579 881 3650 ll(yd.rili)
895 3579 960 3635 3515
976 3579 1155 3649 1155551555,
1169 3577 1288 3633 masinili
1303 3583 1337 3635 35
1349 3579 1436 3634 alera.

488 3859 574 3947 215.
594 3869 856 3942 Monumentum
872 3870 1062 3960 sepulcrale
1075 3871 1250 3961 integrum
1265 3869 1444 3942 marmoris
1459 3867 1604 3959 candidi,
1624 3887 1654 3938 5.
1672 3871 1756 3959 1,05
1768 3889 1826 3959 m,
1847 3870 1983 3961 1.0,52,
2003 3891 2051 3942 cr.
2064 3874 2167 3961 0,21.

386 3989 556 4064 Ornatnm
576 3999 630 4066 est
648 3993 783 4085 fastigio
796 4000 831 4066 et
844 3995 1038 4086 anaglypho
1057 3996 1332 4086 repraesentanti
1351 3995 1462 4066 virum
1481 3992 1663 4064 barbatum
1677 3998 1713 4063 et
1727 3992 1770 4065 ad
1788 3993 1889 4064 huius
1902 3995 2075 4067 sinistram
2093 4013 2168 4065 mu-

384 4117 518 4208 lierem,
539 4123 669 4191 stantes
687 4121 722 4191 in
741 4121 898 4193 aedicula
916 4119 1003 4192 iaeie
1022 4120 1064 4193 ad
1085 4117 1294 4211 spectantem
1313 4139 1492 4207 conversa3
1516 4117 1698 4208 utriusque
1717 4138 1837 4190 manus
1856 4118 1997 4191 dextrae
2016 4121 2167 4209 pectori-

384 4367 472 4437 stola
490 4366 672 4440 admodum
686 4371 811 4462 ampla,
831 4375 935 4460 capnt
947 4370 1133 4459 operiente.
1156 4369 1226 4441 Sub
1240 4366 1431 4460 anaglypho
1445 4373 1498 4439 est
1512 4367 1635 4440 titulus
1648 4367 1794 4461 integer,
1811 4369 1908 4441 euius
1922 4371 2060 4442 litterae
2075 4375 2164 4442 551

385 4495 418 4562 51
440 4493 460 4561 2
481 4492 571 4565 51155
589 4498 670 4564 5551
689 4496 804 4584 0,025
825 4515 883 4586 m,
904 4516 936 4565 v.
959 4495 979 4565 3
999 4494 1174 4585 aliquanto
1191 4495 1349 4582 minores,
1368 4493 1514 4564 maxime
1533 4492 1568 4563 in
1586 4491 1707 4564 ultima
1726 4514 1824 4582 voce;
1844 4495 1979 4566 omnino
1997 4517 2029 4566 v.
2048 4499 2069 4566 3
2085 4495 2168 4567 reli-

384 4616 459 4705 quis
476 4616 688 4709 profundius,
712 4619 772 4690 sed
790 4619 899 4691 multo
926 4619 1164 4710 neglegentius
1183 4625 1341 4689 exaratus
1360 4622 1424 4689 est.
1453 4617 1590 4688 Primus
1600 4615 1625 4708 ¹)
1642 4615 1792 4707 lapidem
1810 4617 1967 4691 vbreviter
1984 4619 2169 4711 descripsit

385 4747 421 4810 et
448 4743 613 4814 russicam
640 4743 734 4814 tituli
757 4744 945 4815 versionem
968 4743 1063 4816 dedit
1085 4744 1123 4814 Ρ.
1149 4739 1391 4814 Sumarolrov
1415 4740 1496 4814 ltin.
1515 4740 1621 4813 (irim.
1642 4746 1679 4813 et
1700 4743 1835 4815 Bessar.
1860 4763 1893 4834 p.
1919 4747 2004 4816 121.
2040 4743 2164 4817 Edidd.

383 4863 425 4936 L.
443 4864 591 4960 Waxel,
613 4866 756 4939 Recueil
772 4868 813 4939 de
827 4869 990 4960 quelques
1004 4875 1072 4941 ant.
1087 4859 1124 4938 n⁰
1139 4871 1159 4939 3
1176 4868 1211 4938 in
1225 4887 1317 4940 aere.
1337 4865 1494 4960 Clarke,
1515 4867 1618 4938 Trav.
1639 4869 1676 4938 in
1693 4888 1765 4940 rar.
1780 4868 1954 4941 countries
1972 4870 2076 4959 v.Ip.
2089 4872 2164 4941 495

384 4988 450 5080 (ed.
472 4993 495 5060 4
515 5011 546 5060 v.
567 4990 603 5061 ΙΙ
629 5013 662 5082 p.
686 4993 786 5083 200).
815 4993 992 5066 Koehler
1013 5013 1132 5066 comm.
1158 4993 1200 5064 de
1227 4992 1290 5065 ins.
1311 4997 1346 5064 et
1365 5012 1467 5065 cursu
1486 4991 1632 5065 Achillis
1659 5014 1692 5082 p.
1715 4993 1788 5063 253
1817 4984 1854 5063 n⁰
1874 4995 1960 5065 812.
1989 4992 2164 5084 Boeelrh,

385 5111 424 5186 O.
436 5112 465 5184 Ι.
479 5110 540 5184 Gr.
553 5113 587 5184 ll
601 5107 637 5188 u'
648 5118 749 5188 2100
760 5117 802 5190 50
817 5115 916 5190 fidem
932 5116 1168 5191 delineationis
1178 5116 1410 5210 Waxelianae,
1425 5118 1632 5208 reliquorum
1646 5117 1752 5188 variis
1766 5117 1969 5189 lectionibus
1983 5117 2167 5208 diligenter

383 5238 541 5310 enotatis.
570 5237 723 5312 Dubois
743 5243 789 5313 de
808 5242 1087 5332 Montpereux,
1108 5241 1249 5332 Voyage
1267 5248 1391 5314 auteur
1409 5243 1456 5315 du
1475 5241 1637 5333 Caucaso,
1661 5242 1721 5313 atl.
1742 5242 1831 5314 serie
1850 5241 1912 5330 IV,
1937 5243 1983 5332 pl.
2003 5240 2164 5333 xxvio,

383 5360 439 5450 lig.
462 5366 495 5436 9.
517 5361 798 5437 Mursakeviez
815 5367 850 5437 in
869 5365 978 5437 diario
997 5366 1124 5437 minist.
1140 5367 1220 5438 inst.
1236 5367 1332 5458 publ.
1348 5389 1392 5438 m.
1409 5367 1539 5440 Martio
1557 5369 1655 5440 1837
1670 5388 1704 5457 p.
1724 5369 1811 5438 645.
1833 5362 1992 5459 Gracia,
2013 5367 2166 5439 Bulletin

383 5487 426 5557 de
444 5487 479 5559 15
497 5490 606 5560 515555
624 5489 809 5578 hist-phil.
829 5489 870 5562 de
889 5489 1023 5562 l’Aead.
1043 5491 1086 5562 de
1101 5489 1151 5562 St.
1168 5489 1400 5584 Petersbourg
1419 5491 1495 5564 v.V
1512 5493 1556 5582 (a.
1573 5492 1686 5580 1848)
1704 5513 1737 5582 p.
1756 5493 1843 5564 373.
1863 5491 2026 5563 Koehne
2044 5512 2163 5564 comm.

434 5780 458 5851 1)
467 5782 668 5836 Monumentum
679 5779 810 5850 quoddam
820 5783 972 5852 sepulcrale
981 5783 1084 5840 Graece
1094 5784 1254 5853 inscriptum
1290 5786 1370 5841 Rolle
1383 5787 1413 5840 in
1428 5786 1476 5841 der
1485 5785 1565 5841 Hand
1580 5786 1759 5856 varstallend‚
1772 5787 1821 5842 mit
1834 5787 1910 5842 einer
1920 5785 2100 5859 Grabschrift,
2113 5785 2165 5856 bey
2313 5831 2316 5838 .

384 5867 412 5922 in
435 5870 503 5923 urbe
521 5869 636 5925 Achtiar
654 5877 791 5925 servatum
809 5879 939 5928 memorat
961 5873 1075 5929 Pallas
1093 5874 1155 5928 ltin.
1174 5874 1253 5930 Russ.
1289 5873 1699 5932 derllircheverwardtwirda.
1714 5873 1769 5930 Sed
1783 5875 1850 5931 haec
1864 5875 2164 5944 de'lheagonismonn·
2260 5885 2262 5890 '

383 5957 475 6014 merid.
490 5975 515 6014 5.
524 5959 549 6012 11
562 5974 589 6026 p.
598 5962 641 6029 21,
655 5959 731 6013 cuius
745 5961 830 6015 rerba
843 5967 908 6016 sunt
921 5961 1001 6017 haee:
1019 5963 1084 6018 «ein
1098 5963 1253 6018 schlechtes
1289 5969 1379 6018 mento
1394 5979 1454 6018 esse
1468 5963 1541 6019 dicta
1555 5964 1678 6032 equidem
1692 5981 1741 6032 pro
1756 5969 1830 6018 certo
1843 5963 1917 6018 haud
1931 5963 2136 6020 adfirmaverim.

382 6047 529 6114 Basrelief,
552 6049 613 6104 eine
633 6049 786 6104 mannliche
799 6049 886 6118 Figur
903 6051 939 6105 im
959 6052 1093 6108 (leuando
1113 6054 1161 6107 mit
1178 6053 1253 6107 einer
