5560 7516
629 1073 675 1142 54
1460 1065 1588 1142 Oasis.
2116 1118 2119 1128 -
2246 1062 2363 1140 bill.
2386 1065 2418 1165 ’ζ
2477 1085 2483 1096 ·

702 1277 886 1382 άκρείβειαν
905 1278 988 1379 Ιτῖγς
1006 1281 1180 1381 ἑρμηνείας
1199 1292 1402 1382 στενοχωρεϊ
1417 1286 1434 1352 ὁ
1452 1278 1567 1380 λόγος·
1589 1281 1627 1390 ού
1647 1277 1716 1378 μὴν
1735 1275 1865 1382 ἢττβοβν
1884 1277 1889 1378 i
1910 1277 2095 1378 έπειράζετο
2114 1281 2148 1352 έν
2166 1293 2240 1360 ταῖς
2258 1283 2339 1380 πρὸς
2360 1283 2419 1354 ένα

621 1427 658 1481 20
701 1409 843 1482 έκαστον
862 1400 1098 1504 ύποιντήβσεσι,
1127 1404 1218 1480 ἀλλὰ
1241 1406 1338 1480 κάκεῖ
1361 1403 1497 1489 τελείως
1515 1405 1775 1504 έπεγεινώσκετο
1798 1401 1903 1506 άβνίγρ·
1925 1401 2190 1505 ριλ[α]νδρωπίορ
2209 1409 2271 1505 μὲν
2290 1405 2420 1505 ἀπαγό-

704 1557 802 1632 μενος
820 1537 898 1616 τοὺς
926 1526 1046 1630 ξέΙνους
1069 1536 1125 1604 καὶ
1144 1544 1303 1633 χρηστοῖς
1328 1531 1427 1626 ἤθεσι
1453 1527 1633 1630 ριλοξενῶν
1653 1533 1845 1631 συνγενικὸν
1866 1525 1872 1627 Ι
1890 1527 1997 1613 πάθος
2017 1519 2236 1626 ἐπεδείκνυτο,
2257 1529 2418 1606 πολειτῶν

623 1676 657 1730 ao
702 1648 737 1729 δὲ
756 1662 850 1741 εἴτις
878 1656 971 1752 αύτῷ
991 1653 996 1753 l
1018 1649 1207 1755 συνέμειξεν
1224 1652 1247 1752 ἢ
1267 1656 1355 1728 κατὰ
1383 1651 1605 1753 συναλλαγῆς
1632 1653 1787 1754 ἀφορμὴν
1805 1653 1827 1751 ἢ
1848 1651 1955 1754 καβτὰ
1982 1650 2201 1753 συμβιώσεως
2228 1653 2418 1752 συνήθειαν,

702 1772 900 1880 οὐδὲλόγος
918 1775 1085 1880 χωρῆίσαι
1103 1771 1241 1854 δύναται
1259 1779 1323 1875 τὴν
1341 1782 1385 1863 εἰς
1405 1780 1506 1852 αὐτὸν
1525 1785 1663 1851 εὔνοιαν·
1684 1777 1776 1852 ἀλλὰ
1794 1783 1850 1851 καί
1870 1772 1992 1880 (μέχρι)
2012 1774 2174 1877 πείράτων
2194 1785 2259 1878 γῆς
2278 1784 2419 1881 έμαρτυ

702 1901 790 2004 ρηθη
811 1911 890 1988 τοὺς
912 1907 993 2004 ὑπὲρ
1012 1903 1121 2004 φιλίας
1148 1896 1317 1987 κινδύνους
1337 1901 1342 2000 1
1363 1903 1463 2004 μέχρι
1481 1898 1662 2000 Σεβαστῶν
1681 1905 1863 2005 συμμαχία
1885 1899 2237 2003 παραβολευσάμενος.
2263 1902 2269 2001 Ι
2293 1903 2357 1978 Δι”ό
2376 1895 2419 2002 δὴ

621 2049 656 2102 30
700 2032 752 2101 ἐπί
769 2029 898 2113 τούτοις
916 2026 1034 2130 ἢ<τε)
1047 2034 1164 2129 πατρὶς
1178 2027 1340 2130 χαλεπῶς
1354 2023 1535 2126 ἑνίνκαβσα
1553 2027 1617 2122 τὴν
1636 2025 1688 2100 ἐπ’
1704 2031 1799 2127 αύτῷ
1813 2031 1989 2130 συμφοράν
2006 2034 2063 2101 καί
2081 2027 2145 2125 τὴν
2165 2025 2418 2132 μείταλλαγβην

701 2166 761 2227 τοῦ
781 2149 888 2253 β[ί]ου
905 2150 910 2252 Ι
927 2151 1136 2254 βαρυνομένη
1155 2151 1341 2254 ἑψηφίσατο
1361 2155 1503 2237 ἐπαίνοις
1522 2159 1578 2225 καί
1596 2165 1669 2237 ταῖς
1687 2149 1897 2253 πρεπούβσαις
1916 2153 2109 2253 μαρτυρίαις
2128 2159 2364 2252 παρηγορῆσαι
2380 2159 2421 2229 τὸ

701 2271 746 2351 ἐπ’
768 2279 862 2375 αὐτῷ
890 2277 1134 2379 σύμπτ[ω]ίμα,
1164 2283 1217 2351 ba
1245 2284 1301 2351 καί
1328 2285 1454 2362 τεθνὼς
1481 2272 1504 2387 ᾖ
1533 2281 1623 2378 παρὰ
1650 2292 1719 2362 τοῖς
1748 2277 1848 2363 ζῶσιν
1875 2283 2033 2377 έντειμος,
2062 2275 2358 2378 σ[τε]]ρανωθῆναι
2385 2270 2421 2352 δέ

624 2420 658 2476 35
703 2403 804 2475 αύτὸν
831 2405 963 2504 (χρυσῷ
990 2401 1148 2505 στεφάνῳ
1174 2408 1230 2475 καί
1257 2408 1315 2478 τὸν
1343 2398 1474 2502 κήρυκα
1497 2397 1732 2502 ἀναγορεῦσαι)
1757 2405 1810 2474 ἐπὶ
1836 2406 1898 2496 τῆς
1926 2393 2143 2502 έ(κ)κομιδῆς,
2173 2406 2267 2476 ’ὁτιυὸ
2295 2393 2420 2502 δῆβμος

701 2541 862 2627 στεφανοῖ
876 2524 1097 2630 Καρζγὸβαζον
1114 2525 1275 2602 Ἀττάλου
1294 2522 1445 2622 ζήσαντα
1464 2525 1587 2628 καγλῶς
1606 2532 1661 2598 καὶ
1681 2518 1901 2633 δημωφελῶς,
1922 2527 2126 2621 ἀνατεθῆναι
2145 2517 2180 2599 δέ
2197 2531 2237 2600 τὸ
2254 2523 2420 2628 ψἠρισβμα

702 2654 736 2724 ἐν
753 2645 915 2754 Ιζέπισίγμιρ
941 2653 1048 2750 τόπῳ,
1078 2657 1130 2724 iba
1158 2661 1187 2726 oi
1215 2652 1551 2752 ἁναγεινὼσκοντε[ς]
1572 2648 1577 2747 l
1597 2650 1788 2751 προτροπὴν
1816 2655 1940 2752 ἔχωσιν
1966 2654 2011 2735 εἰς
2038 2655 2078 2725 τὸ
2106 2659 2296 2750 μειμεῖσθαι
2324 2649 2419 2752 βίονί

622 2797 658 2852 40
702 2777 948 2876 ἐπαινούμενον.
964 2820 1009 2832 -
1022 2777 1200 2878 Ζώρσανος
1218 2775 1425 2878 Νεικηράτου
1442 2783 1482 2850 τὸ
1500 2773 1677 2877 βἠβρισμα
1695 2776 1860 2864 ἀνέστησε
1878 2774 2062 2876 Καρζοάζερ
2079 2773 2238 2851 Ἀττάλου
2258 2773 2395 2877 μνήμης
2416 2776 2420 2876 l

702 2927 811 3001 χαριν.

730 3095 998 3186 Quadratarium
1020 3099 1057 3170 in
1079 3099 1182 3172 titulo
1201 3097 1372 3171 exarando
1399 3097 1484 3170 satis
1510 3098 1735 3188 neglegenter
1762 3117 1837 3170 esse
1864 3102 2041 3171 versatum
2068 3107 2189 3188 sponte
2215 3103 2326 3190 patet.
2364 3095 2421 3170 Sin

623 3243 655 3294 v.
674 3225 694 3294 3
712 3221 918 3296 infinitivum
938 3244 981 3296 ex
999 3213 1106 3308 ἔδοξεν
1124 3224 1333 3315 pendentem
1351 3223 1477 3313 omisit,
1497 3221 1589 3313 qnod
1608 3228 1722 3294 tamen
1741 3229 1821 3294 ante
1839 3243 1902 3294 nos
1919 3223 2012 3296 solus
2030 3222 2274 3296 animaduertit
2282 3222 2422 3317 Ussing,

624 3347 682 3439 qui
709 3348 745 3419 in
774 3348 932 3420 versione
958 3348 1081 3421 danica
1102 3349 1152 3442 [ot
1177 3346 1316 3441 laedae]
1344 3347 1453 3420 K-aos
1467 3402 1474 3421 .
1489 3402 1496 3420 .
1510 3401 1541 3422 ..
1563 3345 1657 3441 [med
1684 3368 1726 3419 eo
1751 3344 1960 3440 θιάάίιιαιω]
1987 3327 2156 3436 restituit3
2185 3347 2283 3420 nobis
2309 3350 2424 3440 potius

622 3468 791 3544 ἐπαινέσαι
817 3473 982 3545 omissum
1007 3472 1157 3565 uidetur,
1187 3473 1346 3564 quoniam
1375 3472 1418 3544 de
1446 3471 1637 3545 coronando
1667 3470 1839 3544 Garzoazo
1866 3493 1899 3547 v.
1933 3475 1981 3544 33
2009 3473 2141 3546 dietum
2168 3477 2233 3548 est.
2253 3513 2305 3526 -
2323 3471 2368 3546 V·
2398 3477 2422 3547 8

625 3596 890 3692 ΕΙΣΕΦΕ[ΡΕ]
910 3598 1141 3670 restituerunt
1158 3596 1301 3670 Henzen
1318 3602 1355 3670 et
1373 3596 1516 3687 Ussing3
1543 3596 1729 3689 Jurgeviez
1751 3598 1805 3667 ΡΕ
1824 3597 1961 3669 litteras
1989 3598 2087 3686 quasi
2112 3598 2148 3668 in
2175 3597 2288 3688 lapide
2315 3597 2424 3670 lactas

623 3721 719 3793 dedit
736 3742 804 3793 non
821 3727 917 3793 reete
945 3729 981 3793 et
1008 3721 1224 3810 transcripsit
1241 3723 1286 3804 εἰς
1305 3725 1408 3820 έρερε,
1438 3738 1516 3792 oum
1544 3721 1604 3791 alii
1631 3718 1775 3820 εἰσέφερε
1803 3719 1960 3810 legerent
1981 3727 2121 3811 praeter
2140 3720 2422 3813 Surotsehauum,

622 3846 681 3935 qui
701 3845 796 3917 dedit
814 3846 858 3928 εἰς
876 3840 953 3944 ἐρ’ἓ.
975 3884 1024 3896 -
1046 3843 1089 3917 V.
1111 3848 1161 3917 20
1184 3842 1268 3943 ἀνὴρ
1297 3845 1367 3936 legi
1394 3865 1471 3917 cum
1495 3843 1666 3936 Ussingio.
1691 3885 1735 3897 —
1758 3843 1802 3917 V.
1825 3848 1979 3918 26—27
2000 3847 2161 3918 omissum
2188 3845 2319 3936 aliquid
2347 3867 2422 3919 esse

620 3969 861 4042 animaduertit
879 3968 1005 4060 Ussing
1023 3975 1059 4040 et
1076 3970 1328 4042 restituendum
1355 3970 1536 4061 proposuit
1563 3966 1656 4040 ἀλλὰ
1681 3973 1737 4070 καὶ
1760 3969 1844 4068 πέρα
1862 3981 1929 4042 τῶν
1950 3969 2027 4064 [τῆς
2050 3959 2207 4069 πατρίδος
2230 3971 2327 4068 ὁρίων
2353 3985 2422 4054 τοῖς

622 4096 685 4165 ὑπὸ
698 4092 877 4191 Ῥωμαίων
895 4090 995 4177 ζῶσιν
1014 4093 1208 4192 έπιτα]γῆς;
1230 4100 1267 4166 at
1283 4094 1424 4166 ultimae
1442 4095 1535 4166 vocis
1554 4103 1625 4165 tres
1644 4093 1777 4166 litteras
1792 4093 2048 4185 quadrennium
2064 4115 2223 4167 exarasse
2241 4101 2421 4187 postquam

623 4223 676 4291 tot
694 4215 801 4289 verba
829 4218 1001 4289 omisisset
1025 4217 1111 4289 mihi
1133 4219 1271 4310 quidem
1288 4239 1356 4291 non
1375 4218 1514 4291 videtur
1533 4217 1606 4290 veri
1624 4217 1750 4302 simile;
1770 4218 1847 4291 ideo
1865 4221 1980 4311 potius
1998 4221 2049 4292 ita
2066 4219 2248 4312 legendum
2266 4225 2362 4313 puto,
2382 4228 2423 4293 ut

622 4342 701 4414 dedi
716 4343 751 4414 in
766 4342 1044 4431 transcriptione.
1066 4339 1135 4414 Sed
1153 4344 1258 4416 etiam
1278 4343 1326 4417 sie
1344 4343 1472 4416 locutio
1490 4342 1591 4414 ualde
1609 4340 1758 4416 obscura
1776 4349 1841 4434 est,
1861 4364 2069 4434 quamquam
2087 4363 2223 4416 sensum
2241 4345 2299 4416 rix
2316 4345 2422 4417 alium
2487 4331 2490 4338 ’

620 4467 736 4556 habet,
766 4487 869 4556 qnam
897 4487 999 4558 quem
1017 4465 1200 4562 Ussingius
1226 4469 1369 4558 invenit,
1397 4467 1457 4560 qui
1476 4465 1685 4540 Garzoazum
1702 4469 1819 4542 amieis
1838 4469 1909 4542 suis
1927 4469 1963 4540 in
1981 4469 2120 4540 iudiciis
2137 4489 2247 4558 usque
2265 4469 2309 4541 ad
2327 4490 2419 4542 sum·

619 4613 724 4682 mum,
744 4591 767 4662 i.
787 4611 819 4662 e.
839 4591 1119 4685 Imperatorium,
1148 4613 1247 4683 opem
1273 4593 1395 4664 tulisse
1422 4597 1538 4682 putat;
1566 4592 1658 4682 quod
1679 4592 1771 4665 haud
1799 4591 1900 4665 facile
1917 4594 2047 4685 inipso
2066 4592 2169 4666 Olbia
2186 4591 2314 4666 factum
2333 4615 2421 4686 esse,

621 4715 749 4806 quippe
759 4736 847 4806 qnae
856 4717 978 4789 civitas
991 4717 1101 4790 libera
1114 4714 1294 4790 luisset—
1308 4737 1514 4808 quamquam
1525 4717 1647 4789 vicinis
1660 4715 1888 4790 barbarorum
1898 4717 2028 4810 regulis
2036 4714 2204 4809 penderet
2216 4717 2358 4812 tributa,
2371 4759 2419 4770 ——

623 4838 683 4911 sed
702 4841 815 4929 potius
834 4841 883 4912 eis
902 4839 1023 4914 Olbiae
1043 4842 1191 4933 civibus,
1210 4842 1271 4934 qui
1292 4843 1328 4913 in
1346 4841 1474 4914 finibus
1491 4841 1628 4932 imperii
1644 4841 1790 4918 Romani
1807 4842 1988 4935 vixissent,
2009 4840 2069 4914 nbi
2090 4841 2279 4915 Garzoezus
2296 4847 2333 4915 et
2349 4844 2423 4934 ipse

624 4985 686 5055 per
704 4964 842 5055 aliquod
859 4973 995 5057 tempus
1017 4968 1143 5059 degere
1170 4968 1343 5059 potuisset
1360 4975 1400 5040 ut
1418 4968 1552 5059 legatus
1571 4973 1632 5039 ant
1649 4964 1692 5037 ob
1712 4966 1815 5037 ubam
1834 4965 2023 5057 quamlibet
2041 4987 2194 5055 eausam3
2222 4967 2266 5040 ad
2284 4989 2318 5039 v.
2339 4993 2422 5064 συμ-

622 5089 732 5186 μαχία
755 5086 936 5179 Ussingius
964 5089 1055 5162 decr.
1077 5090 1182 5182 Terg.
1206 5093 1291 5180 1,35
1321 5090 1470 5164 conferri
1497 5090 1610 5163 iubet:
1640 5091 1731 5180 opud
1752 5090 1865 5181 ipsane
1886 5085 2124 5182 imperatorem
2145 5090 2259 5164 cauata
2274 5089 2423 5184 publicis

625 5211 922 5305 patrocinantem).
945 5254 993 5265 —
1014 5212 1059 5287 V.
1081 5218 1129 5286 29
1149 5238 1187 5287 τε
1207 5215 1412 5308 particulam
1431 5215 1652 5288 omittendam
1673 5234 1807 5288 censeo.
1826 5253 1878 5267 --
1893 5212 1938 5289 V.
1961 5219 2009 5288 30
2028 5212 2252 5312 μεταλλαγὴν
2271 5225 2330 5289 τοῦ
2350 5210 2422 5312 βίον

623 5337 804 5427 legendnm
837 5336 1028 5410 Korsohins
1058 5339 1129 5430 (ap.
1161 5338 1377 5432 Henzenum)
1407 5341 1540 5431 primns
1571 5340 1747 5430 ingeniose
1779 5339 1944 5427 eonieoit;
1971 5339 2062 5412 idem
2094 5344 2216 5433 postea
2240 5338 2422 5432 Ussingius

679 5705 704 5778 1)
717 5705 757 5762 ol.
772 5721 841 5777 quae
855 5705 1004 5762 Hennenus
1024 5705 1176 5764 adnotavit:
1204 5708 1336 5764 «Benene
1354 5706 1383 5765 la
1395 5707 1504 5764 lezione
1538 5722 1588 5775 per
1603 5705 1612 5761 i
1626 5705 1686 5762 suoi
1706 5705 1785 5762 amici
1798 5722 1816 5762 a
1827 5705 1943 5774 pericoli
1961 5705 2017 5762 fine
2031 5722 2048 5763 a
2061 5707 2208 5777 riuolgersi
2226 5707 2282 5777 agli
2304 5707 2420 5778 impera·

625 5797 725 5852 sambri
744 5813 820 5852 esser
839 5805 924 5867 certa,
946 5795 1073 5852 confesso
1087 5797 1115 5851 di
1133 5812 1188 5852 non
1205 5797 1350 5852 intendere
1371 5795 1503 5866 perlatta-
1541 5797 1607 5850 tori:
1627 5795 1647 5849 il
1663 5795 1744 5863 quale
1760 5809 1841 5850 senso
1854 5811 1911 5850 non
1925 5795 1948 5851 si
1962 5797 2016 5865 pub
2029 5812 2132 5866 negare
2147 5811 2222 5852 esser
2236 5797 2283 5866 qui
2297 5811 2423 5866 espresso

623 5891 714 5940 mente
737 5885 764 5941 la
783 5885 976 5941 eonsunzione
998 5885 1026 5940 di
1049 5891 1147 5954 questo
1167 5886 1293 5958 periodo,
1313 5885 1333 5940 il
1356 5885 1401 5940 oni
1424 5901 1504 5941 senso
1539 5883 1569 5939 in
1584 5885 1708 5940 muniere
1725 5883 1918 5952 maiomam,
1935 5883 2122 5940 dimodoohe
2141 5883 2212 5941 forse
2227 5885 2422 5942 eidourtere·

622 5975 691 6030 dere
713 5989 805 6030 assere
829 5975 864 6030 ad
887 5990 925 6028 un
943 5973 1066 6043 dipresso
1084 5973 1134 6029 elne
1158 5971 1215 6030 fino
1233 5973 1276 6030 da’
1294 5973 1403 6028 termini
1427 5974 1503 6030 della
1540 5973 1605 6028 dere
1615 5972 1732 6042 perdura
1741 5971 1858 6040 qualche
1867 5973 1963 6042 parole
1972 5973 2016 6030 sul
2025 5973 2169 6043 principio:
2184 5989 2259 6031 come
2274 5966 2306 6028 ὲκ
2320 5989 2336 6028 o
2349 5966 2422 6044 παρὰ

622 6073 697 6120 terra
710 6065 750 6135 gli
765 6064 788 6121 si
802 6070 947 6132 attestava,
971 6063 1072 6118 eseersi
1094 6062 1150 6130 egli
1167 6069 1278 6131 esposto
1295 6063 1361 6120 nell’
1375 6063 1502 6120 ulleanza
1535 6051 1660 6133 περάτων
1674 6063 1754 6128 γῆς».
