5560 7516
339 1183 340 1188 Ἰ
422 1083 459 1162 da
479 1091 513 1160 3.
1091 1085 1212 1156 Trans
1230 1105 1277 1154 au
1296 1105 1443 1156 vuomua.
2148 1085 2172 1170 9.

370 1299 432 1374 bat
449 1299 598 1390 lapidem
617 1298 652 1370 iu
672 1319 750 1371 oum
769 1299 893 1389 locum,
922 1295 982 1368 ubi
1001 1300 1160 1387 repertus
1187 1302 1288 1390 esset,
1312 1294 1405 1386 Tyra
1431 1294 1482 1370 ab¹
1502 1295 1618 1386 aliquo
1645 1299 1918 1386 transportatum
1938 1314 2024 1387 esse,
2050 1301 2090 1366 ut
2107 1313 2171 1385 pro

374 1428 574 1496 ornamento
593 1427 784 1513 poneretur
810 1419 871 1493 ant
889 1420 948 1494 alii
967 1420 1100 1493 cuidam
1120 1421 1197 1492 usui
1215 1421 1399 1492 inserviret
1408 1419 1444 1516 1).
1474 1419 1650 1492 Braunius
1668 1440 1712 1491 ex
1734 1419 1783 1491 eis
1802 1439 1889 1511 quae
1907 1439 1929 1490 a
1947 1419 2086 1490 rusticis
2104 1419 2172 1490 rici

371 1545 558 1638 Gorotnoje
577 1545 620 1617 de
637 1545 750 1636 lapide
768 1545 907 1616 invento
921 1549 1141 1635 cognoverat,
1155 1563 1363 1643 'persuasum
1382 1543 1503 1616 babuit
1517 1544 1659 1616 titulum
1673 1542 1753 1615 olim
1774 1543 1906 1632 scipso
1924 1543 1999 1615 loco
2018 1541 2170 1642 stetisse,

369 1690 437 1760 quo
456 1674 616 1761 repertus
636 1674 739 1759 esset,
759 1691 826 1742 uon
837 1667 1060 1759 Akkermaui,
1079 1669 1259 1758 ipsumque
1274 1667 1489 1758 Tyrauorum
1508 1668 1669 1760 oppidum
1680 1665 1886 1758 Vespasiani
1905 1655 2116 1757 temporibus
2135 1667 2172 1736 in

371 1814 412 1867 ea
430 1793 509 1866 loca
526 1793 745 1890 translatum,
766 1793 825 1866 ubi
843 1813 934 1864 nuuc
951 1798 1007 1864 est
1025 1791 1222 1884 (lorotnojs.
1249 1791 1483 1864 Mommsenus
1501 1811 1578 1864 cum
1597 1791 1685 1863 illud
1703 1784 1880 1882 probaret,
1901 1789 2035 1862 addidit
2051 1787 2172 1862 limitis

370 1917 445 1990 loco
465 1915 613 2008 lapidem
642 1919 792 2008 positum
812 1915 917 1990 iuuisse
934 1935 1102 2007 apparere
1121 1935 1208 1986 cum·
1219 1935 1261 2009 sp
1279 1915 1356 1986 aliis
1375 1915 1521 2004 iudiciis,
1550 1921 1624 1986 tum
1643 1915 1848 2004 praesertim
1867 1935 1909 1986 ex
1928 1913 2076 1986 subditis
2095 1932 2172 1984 rar·

370 2041 529 2134 bouibus,
548 2041 683 2115 conlatu
702 2041 852 2132 August.
873 2041 916 2112 de
935 2041 1001 2112 civ.
1022 2039 1077 2111 dei
1109 2043 1167 2129 21,
1189 2044 1224 2128 4,
1248 2042 1287 2109 2:
1316 2039 1354 2109 in
1381 2036 1580 2111 corbonibus
1610 2095 1678 2111 ...
1706 2043 1802 2110 tanto
1827 2035 1986 2128 firmitas,
2014 2041 2051 2109 nt
2078 2034 2173 2109 nullo

370 2185 487 2238 arn-ore
505 2171 777 2258 omrampoatar,
797 2164 895 2237 nollo
908 2169 1018 2236 eante
1031 2163 1224 2253 mncmdor,
1244 2183 1346 2254 osque
1360 2163 1454 2254 odeo,
1475 2168 1511 2234 ct
1529 2184 1583 2236 eos
1601 2162 1809 2236 subaquato
1827 2162 1957 2235 sclecnt
1975 2161 2032 2254 qai
2049 2159 2172 2233 linarias

368 2287 474 2380 Mona
492 2289 539 2362 od
555 2289 820 2363 maniaceadam
838 2289 1051 2380 litigatorem,
1074 2285 1225 2378 quisquis
1238 2293 1317 2378 post
1333 2271 1540 2378 quantolibet
1558 2285 1709 2378 ternpore
1731 2287 1877 2360 extiterit
1897 2285 2065 2377 ficumque
2083 2285 2172 2377 lopi-

370 2411 693 2486 continuamque
711 2433 781 2486 assa
800 2412 1018 2502 amandarat,
1039 2417 1075 2483 et
1095 2409 1164 2483 Sic.
1184 2411 1301 2483 Flaco.
1321 2432 1355 2502 p.
1382 2415 1450 2483 141
1473 2410 1616 2484 Laobm.
1645 2412 1730 2485 Inde
1748 2432 1918 2504 apparere
1939 2409 2053 2502 lapide
2072 2431 2173 2502 quem

372 2536 536 2609 babemus
554 2537 653 2628 quasi
671 2536 817 2610 termino
831 2537 1004 2626 signatum
1021 2533 1126 2607 fuisse
1145 2533 1247 2607 finem
1266 2516 1491 2610 immunitatis
1500 2537 1646 2627 Tyronis
1660 2557 1856 2624 concessam
1875 2536 1977 2627 plaue
1990 2539 2030 2606 ut
2043 2534 2174 2626 lapides

374 2660 468 2732 circa
486 2659 610 2734 urbem
624 2659 769 2734 Romam
786 2660 887 2752 positi
905 2665 1021 2732 essent
1039 2659 1082 2731 ab
1095 2660 1177 2750 imp.
1199 2659 1331 2733 Marco.
1352 2661 1400 2733 At
1413 2681 1524 2748 nuper
1533 2659 1557 2734 J
1559 2661 1719 2751 urgevicz
1734 2682 1811 2733 rum
1828 2659 1967 2732 titulum
1978 2657 2173 2731 Tscbobru·

373 2783 567 2857 tscbianum
584 2785 716 2874 ederet,
734 2784 879 2857 Braunii
894 2782 1146 2858 etMommseui
1160 2785 1349 2856 sententias
1367 2784 1516 2875 probare
1533 2807 1571 2857 se
1589 2805 1656 2857 non
1674 2805 1773 2875 posse
1786 2784 1885 2874 dixit,
1905 2801 2173 2874 persuasumque

374 2905 442 2978 sibi
455 2907 593 3008 xbabere
617 2916 801 2999 utrumque
828 2908 976 2998 lapidem
1004 2905 1253 2998 posterioribus
1281 2907 1417 2980 demum
1446 2906 1660 2998 temporibus
1678 2909 1713 2979 iu
1733 2928 1775 2979 ea
1792 2909 1869 2982 loca
1885 2912 2173 2997 transportatum,

375 3029 434 3101 ubi
451 3035 596 3122 uterque
616 3038 777 3125 repertus
795 3037 902 3120 essct3
918 3031 946 3102 si
964 3031 1096 3121 lapides
1110 3029 1191 3102 olim
1211 3031 1259 3102 eis
1276 3031 1362 3121 ipsis
1375 3033 1460 3104 locis
1475 3034 1665 3122 stetissent,
1679 3030 1832 3104 futurum
1849 3030 1954 3104 fuisse
1968 3034 2008 3103 ut
2022 3030 2174 3122 reliquae

376 3176 497 3228 eorum
516 3165 634 3249 partes
652 3158 778 3232 ibidem
797 3160 1033 3232 invenirentur
1052 3157 1187 3247 aliaque
1209 3157 1304 3229 urbis
1321 3158 1481 3248 autiquae
1500 3157 1646 3247 vestigia
1664 3159 1858 3245 exstareot3
1887 3154 2017 3246 lapides
2037 3154 2175 3226 aliunde

374 3299 450 3352 esse
469 3287 723 3375 transportatus
741 3285 806 3355 iarn
827 3283 905 3356 iude
923 3302 1102 3373 apparere,
1123 3281 1215 3372 quod
1233 3282 1310 3374 vici,
1340 3281 1401 3354 ubi
1418 3281 1549 3372 reperti
1566 3286 1691 3372 essent,
1711 3299 1831 3353 novem
1850 3277 1976 3351 seratis
1994 3279 2174 3370 distarent,

375 3403 608 3498 explicarique
628 3429 680 3500 eo,
701 3408 791 3498 quod
809 3407 901 3499 Tyra
918 3406 1058 3479 flumine
1071 3405 1233 3478 facillime
1252 3407 1482 3497 transportari
1499 3412 1638 3497 possent
1656 3427 1676 3477 a
1695 3403 1879 3504 Moldavis,
1898 3405 1958 3495 qui
1975 3404 2175 3493 saepissime

374 3530 491 3618 perid
510 3530 637 3605 flumen
665 3533 880 3622 navigareut;
912 3537 1096 3621 utrumque
1115 3530 1229 3622 vicum
1247 3530 1428 3604 Moldavos
1446 3531 1641 3603 etiamnunc
1659 3526 1856 3620 incolereb.
1885 3528 1979 3620 Ergo
2002 3526 2176 3620 professor

376 3654 607 3744 amplissimus
624 3657 668 3729 ad
686 3657 828 3730 eandem
856 3656 1061 3728 seutentiam
1089 3655 1207 3746 rediit,
1235 3675 1338 3745 quam
1365 3655 1445 3727 olim
1464 3654 1641 3728 Barbarus
1657 3654 1954 3744 pronuntiaveras
1983 3660 2019 3726 et
2036 3673 2074 3724 re
2093 3671 2176 3724 vera

376 3775 466 3868 lapis
485 3780 843 3855 Tschobrutschiauus
860 3781 903 3853 ad
921 3780 1024 3852 buius
1051 3780 1239 3852 sententiae
1257 3780 1498 3852 auctoritatem
1526 3778 1774 3851 restituendam
1793 3780 1940 3851 multum
1959 3777 2055 3851 lacit:
2083 3797 2175 3849 nuno

375 3901 443 3972 iam
462 3904 556 3977 nullo
575 3905 677 3978 modo
696 3903 861 3977 affirmari
879 3910 994 3996 potest
1012 3909 1198 3993 utrumque
1215 3902 1363 3995 lapidem
1382 3905 1418 3975 iu
1437 3905 1506 3975 situ
1525 3907 1701 3995 repertum
1721 3923 1813 3992 esse;
1832 3921 1911 3976 nam
1930 3903 2034 3974 etiam
2052 3902 2175 3993 siquis

311 4127 314 4132 Ι
376 4023 523 4098 Brunnii
542 4029 747 4101 senteutlam
764 4029 936 4122 probarit,
956 4048 1057 4100 nemo
1075 4032 1191 4099 tamen
1209 4025 1382 4100 affirmare
1401 4033 1516 4120 potest
1533 4026 1654 4099 urbem
1672 4033 1784 4100 totum
1803 4027 1889 4101 illud
1908 4046 2029 4100 novem
2043 4033 2175 4100 varsta-

375 4168 453 4221 rum
473 4153 621 4242 spatium
641 4173 839 4244 occupasse,
869 4152 960 4243 quod
979 4153 1071 4224 inter
1098 4156 1287 4242 utrumque
1304 4154 1418 4226 vicum
1437 4159 1503 4246 est,
1532 4151 1730 4243 lapidesque
1748 4153 1783 4223 in
1802 4152 1946 4225 diversis
1973 4151 2069 4225 urbis
2095 4172 2175 4244 par·

376 4273 471 4346 tibus
489 4272 593 4348 luisse
611 4277 758 4367 positos3
787 4283 823 4350 at
842 4277 870 4350 si
888 4297 1028 4378 necesse
1045 4281 1099 4348 est
1117 4281 1271 4350 statuere
1288 4276 1496 4350 alterutrum
1514 4275 1664 4368 lapidem
1684 4296 1758 4349 esse
1776 4282 2058 4369 transportatum,
2085 4276 2176 4349 idem

376 4395 602 4488 probabiliter
621 4399 663 4471 de
680 4401 793 4476 altero
812 4403 921 4473 conici
939 4405 1064 4492 potest.
1093 4399 1194 4473 Addo
1213 4422 1254 4472 ea
1272 4423 1359 4493 quae
1372 4401 1546 4474 Braunius
1564 4401 1683 4474 attulit
1700 4408 1739 4473 ut
1756 4403 1960 4474 senteutiam
1979 4422 2077 4474 suam
2094 4421 2175 4492 pro-

377 4521 491 4614 baret,
520 4523 688 4596 levissimi,
714 4527 876 4598 momenti
896 4527 1009 4599 omnia
1028 4541 1114 4617 esse,
1143 4523 1350 4598 Mommseni
1367 4547 1450 4600 vero
1476 4527 1692 4618 senteutiam,
1720 4529 1876 4618 quamvis
1893 4527 2081 4617 Augustini
2099 4527 2175 4600 loco

377 4645 507 4736 nixam,
537 4646 674 4718 omniuo
701 4665 778 4720 esse
806 4648 1084 4740 improbabilem:
1124 4652 1201 4740 quis
1228 4651 1319 4723 enim
1347 4653 1497 4724 animum
1525 4652 1689 4758 inducere
1717 4653 1829 4741 potuit
1855 4657 2111 4724 monumentum
2140 4652 2175 4722 in

433 4885 458 4954 1)
473 4885 733 4954 «Cupamusaeuom
757 4901 874 4942 assuas
897 4903 1007 4944 nassae
1030 4887 1174 4958 otpasorra
1191 4890 1258 4945 aad·
1295 4897 1343 4944 ont
1356 4891 1402 4946 etl
1415 4891 1558 4947 deterrdss
1571 4872 1639 4946 daus
1650 4890 1698 4947 des
1707 4890 1824 4961 villages
1838 4875 1961 4960 dloign'ts
1976 4890 2009 4946 de
2024 4891 2091 4948 uaul
2102 4891 2174 4946 kilo-

377 4987 454 5050 aeas
477 4969 559 5026 fimus
583 4988 692 5029 nameus
710 4990 747 5029 aa
764 4989 947 5030 csaaauaorrs
966 4976 1084 5032 uberi?
1106 4977 1172 5032 llas
1194 4992 1257 5046 pas-
1294 4980 1394 5036 matres
1407 4980 1465 5035 l‘uu
1480 4981 1514 5035 de
1527 4979 1635 5049 l’autre;
1649 4976 1678 5036 2⁰
1692 4977 2013 5049 quelesfragmeutsqui
2026 4987 2175 5048 manquent

377 5075 519 5115 adsumas,
551 5064 800 5134 upeauououreuid,
832 5079 965 5134 noropma
996 5067 1123 5130 aaaron
1148 5081 1259 5121 roroau
1294 5069 1421 5138 n’outpu
1434 5071 1493 5124 atre
1506 5070 1662 5137 retrourts3
1676 5063 1705 5123 3⁰
1719 5068 1802 5138 qu'ou
1817 5068 1863 5124 u’a
1876 5069 1972 5124 trouve
1987 5068 2098 5137 iusqu’t
2112 5071 2173 5136 prb-

285 5230 289 5238 γ
378 5165 581 5221 uparoraaurs,
601 5167 687 5207 caune
702 5167 907 5210 ecreoruessoe
927 5169 1049 5210 namara
1064 5155 1142 5208 lisura
1155 5154 1257 5225 rubu-
1295 5166 1357 5215 sant
1374 5175 1421 5214 sur
1439 5158 1481 5214 les
1496 5158 1576 5218 lieux
1594 5161 1630 5214 ou
1648 5159 1689 5215 les
1707 5159 1812 5229 pierres
1835 5156 1928 5212 iurant
1950 5157 2127 5213 descuvertes
2146 5159 2175 5214 ui

379 5243 479 5304 mmee:
503 5243 655 5309 npacnsurll
675 5259 692 5294 u
712 5241 842 5297 torsmoll
856 5235 966 5298 nameus
987 5258 1077 5299 asora
1090 5243 1206 5298 auberi
1221 5258 1259 5297 cu>
1294 5247 1461 5317 decombres,
1475 5247 1504 5300 ni
1519 5247 1711 5318 modusicam
1726 5261 1871 5302 morceaux
1885 5243 1919 5301 ds
1929 5245 2057 5300 vaissslle
2071 5246 2175 5317 casada,

378 5342 593 5390 manseramus
615 5346 727 5386 cuorus
752 5329 898 5400 abpoaruo
926 5347 1092 5400 upuaoaeas
1116 5331 1197 5386 dnus
1221 5348 1258 5388 cs
1294 5337 1324 5391 ni
1346 5341 1440 5392 autres
1462 5351 1578 5405 preuves
1596 5335 1629 5390 de
1643 5335 1803 5392 l’exiatance
1826 5333 1907 5389 d’uue
1932 5333 2007 5401 adle3
2030 5331 2060 5388 4⁰
2074 5349 2128 5404 que
2147 5336 2173 5390 lo

378 5431 670 5485 nporuaououoamaro
695 5421 796 5489 depera
816 5419 844 5490 (a
866 5437 903 5476 aa
927 5437 1019 5492 aeus,
1041 5437 1119 5477 urana
1139 5421 1258 5490 subdu,
1294 5430 1434 5496 transport
1447 5441 1497 5494 par
1511 5440 1563 5481 eau
1577 5426 1654 5480 etam
1667 5423 1758 5495 facile,
1780 5439 1849 5479 nous
1867 5437 1953 5479 avons
1971 5427 2032 5478 tout
2053 5424 2127 5482 droit
2140 5426 2174 5482 de

380 5519 416 5560 uo
430 5507 660 5578 cauabreuscrsy
674 5509 772 5563 sabaa
781 5511 938 5566 uacareroil
953 5524 1114 5572 supparos
1124 5509 1258 5580 Tropaea),
1291 5515 1383 5570 croire
1406 5529 1459 5583 que
1481 5513 1523 5568 les
1541 5514 1649 5582 pierres
1663 5520 1711 5568 ont
1724 5513 1767 5568 dte
1781 5512 1969 5580 transportdes
1982 5525 2032 5580 par
2046 5509 2087 5568 las
2101 5513 2175 5568 Mol·

378 5611 432 5660 aaa
445 5599 612 5668 papameaia
627 5614 731 5652 saporo
745 5598 854 5668 ancyra
865 5614 933 5664 caua
947 5617 1000 5655 unu
1014 5614 1087 5672 sorry
1101 5598 1258 5663 nouodaaro
1294 5603 1377 5658 daras
1392 5603 1447 5671 qui,
1462 5602 1585 5670 pendant
1598 5602 1626 5657 la
1636 5601 1806 5656 domination
1816 5607 1924 5670 torque,
1939 5600 2065 5656 s’etaleut
2074 5602 2174 5657 &tablis

379 5686 595 5757 pnoupedaeuia,
607 5688 930 5759 aasaoroauqeeubcro,
943 5689 1001 5754 rub
1011 5705 1069 5744 osa
1079 5704 1258 5745 nocuasueau
1294 5707 1342 5748 sur
1355 5691 1384 5747 la
1396 5691 1454 5746 rive
1469 5692 1573 5760 ganoha
1587 5691 1624 5746 du
1633 5689 1771 5758 Dniester,
1786 5687 1910 5745 d'autaut
1922 5688 1984 5759 plus
1999 5704 2053 5758 qua
2066 5705 2097 5744 ce
2112 5697 2175 5745 sont

381 5774 495 5830 durum».
509 5773 615 5830 Becker
630 5776 647 5832 l.
662 5793 683 5832 o.
698 5793 726 5846 p.
740 5781 801 5832 422.
1295 5771 1348 5834 aux¹
1362 5779 1409 5849 qui
1423 5779 1528 5834 etaient
1535 5779 1651 5846 charges
1666 5778 1699 5834 dc
1708 5777 1824 5846 louruir,
1838 5792 1904 5832 avec
1920 5776 2173 5848 temperateque

433 5863 459 5933 2)
471 5863 678 5932 Fraucogalliea
693 5883 717 5921 v.
731 5866 764 5922 ol.
779 5867 847 5923 haec
861 5867 900 5922 ita
914 5867 1041 5936 exposuit
1048 5867 1162 5937 (russiae
1175 5865 1258 5935 paulo
1294 5869 1355 5936 bois
1369 5869 1403 5924 da
1416 5866 1599 5924 mustroction
1614 5871 1643 5922 at
1656 5866 1689 5921 de
1704 5863 1846 5934 cbauffage
1864 5879 1936 5934 pour
1950 5865 1992 5920 les
2011 5863 2173 5922 forteresses

380 5951 482 6022 alitorl:
505 5951 593 6007 «Sans
607 5951 727 6008 discuter
741 5955 782 6010 les
796 5955 921 6024 opinions
936 5956 1020 6011 cittes
1035 5955 1085 6027 [sc.
1100 5955 1216 6010 Brunnii
1231 5960 1259 6010 et
1294 5963 1415 6024 torques.
1433 5957 1486 6012 Les
1509 5955 1626 6024 villages
1649 5954 1683 6009 de
1700 5953 1851 6009 Korotnole
1870 5959 1898 6008 et
1915 5952 1951 6009 de
1969 5953 2174 6031 Tchobroutchi

380 6039 562 6113 Mommseni],
572 6041 601 6109 je
611 6040 680 6098 ferai
691 6043 832 6099 observor:
849 6042 876 6100 1⁰
887 6060 940 6114 quo
949 6045 989 6100 les
999 6045 1070 6101 deux
1080 6045 1258 6116 inscriptions
1294 6051 1357 6102 sont
1365 6045 1476 6114 iusqu’d
1490 6060 1540 6102 nos
1550 6046 1629 6114 iours
1642 6043 1752 6100 habites
1767 6059 1817 6113 par
1831 6043 1872 6098 les
1885 6042 2057 6100 Moldarear.
2220 6030 2222 6037 ’

952 6149 955 6154 ’
1944 6135 1960 6186 2
