5560 7516
480 1060 571 1138 lt7.
1144 1065 1266 1138 Tunes
1285 1087 1331 1137 nr
1349 1083 1496 1140 monus.
2110 1119 2113 1127 -
2165 1075 2211 1143 17

425 1282 500 1350 tota
521 1297 584 1350 ora
606 1278 779 1351 maritima
800 1277 844 1350 ab
866 1277 958 1350 Istro
982 1298 1089 1370 usque
1110 1279 1155 1352 ad
1177 1276 1349 1371 Hypanim
1372 1299 1514 1370 perraro
1537 1279 1776 1372 inscriptiones
1796 1281 2019 1356 inveniuntur
2039 1339 2046 1356 .
2069 1342 2077 1357 .
2099 1341 2107 1356 .
2136 1284 2214 1358 Hoc

425 1399 658 1493 fragmentum
676 1403 777 1475 undis
791 1403 891 1476 valde
908 1403 1039 1476 laesum
1058 1424 1133 1476 esse
1146 1404 1301 1477 videtur.
1315 1459 1323 1477 .
1338 1460 1345 1476 .
1361 1401 1437 1475 ideo
1455 1423 1621 1496 perquam
1635 1405 1812 1496 probabile
1831 1415 1885 1479 est
1902 1407 1938 1479 id
1955 1407 2055 1480 undis
2073 1409 2216 1481 marinis

425 1551 500 1603 esse
513 1530 671 1622 eiectum,
691 1531 772 1602 olim
785 1536 902 1604 autem
921 1532 957 1603 in
976 1533 1087 1606 altera
1099 1532 1194 1606 lacus
1211 1533 1288 1624 ripa
1301 1530 1421 1624 fuisse,
1440 1531 1500 1604 ubi
1513 1531 1674 1606 Νικώνιον
1689 1534 1869 1627 antiquum
1887 1537 2023 1609 stetisse
2038 1536 2213 1612 Beckerus

424 1653 606 1730 admodum
624 1655 851 1746 probabiliter
869 1655 1027 1731 statuit».

529 1965 566 2058 7.
594 1975 729 2068 «Prope
747 1974 900 2068 Adjeder
917 1973 1129 2068 (Ovidiopol)
1149 1977 1185 2048 in
1202 1975 1341 2048 sinistra
1359 1975 1435 2066 ripa
1455 1975 1564 2068 Tyrcae
1581 1973 1690 2068 fluvii,
1709 1977 1801 2050 haud
1819 1978 2000 2070 proculab
2018 1981 2105 2053 ostio
2124 2037 2131 2052 .
2150 2039 2157 2053 .
2177 2039 2183 2055 .
2205 2040 2212 2054 .

424 2103 459 2174 in
478 2101 553 2173 basi
571 2107 706 2175 statuae
734 2122 957 2193 marmoreae,
986 2103 1081 2172 cuius
1105 2101 1208 2191 pedes
1226 2122 1269 2172 ex
1286 2105 1385 2192 parte
1408 2101 1605 2175 adhaerent.
1633 2101 1700 2175 Ed.
1721 2101 1803 2176 Leo
1820 2104 1868 2177 de
1887 2103 2041 2197 Waxel,
2070 2106 2210 2180 Recueil

424 2227 466 2299 de
484 2227 650 2319 quelques
677 2226 864 2318 antiquitis
890 2227 1051 2298 trouvees
1077 2246 1138 2297 sur
1159 2225 1208 2298 les
1226 2223 1332 2298 bords
1351 2224 1394 2297 de
1411 2226 1445 2297 11
1464 2223 1665 2298 Mer-Neine
1675 2225 1711 2318 ¹),
1740 2219 1775 2298 n⁰
1796 2233 1816 2300 6
1837 2229 1873 2300 in
1892 2248 2005 2303 aere».
2032 2230 2211 2323 Boechh‚

425 2350 464 2424 0.
484 2353 511 2424 l.
533 2349 596 2426 Gr.
616 2342 704 2422 1111ο
724 2353 838 2424 2057.
866 2350 1012 2424 Duobus
1030 2350 1122 2421 basis
1139 2349 1307 2422 lateribus
1326 2350 1452 2440 singuli
1470 2370 1589 2421 versus
1612 2351 1711 2423 incisi
1719 2361 1819 2441 sunt,
1839 2353 1899 2443 qui
1917 2353 2044 2444 integri
2063 2361 2210 2450 exstant,
2280 2437 2282 2444 y

423 2476 453 2549 si
467 2477 615 2550 Waxelii
634 2476 855 2549 delineationi
874 2474 959 2548 fides
977 2481 1040 2548 est.
1061 2473 1168 2547 Tituli
1187 2472 1206 2544 b
1224 2475 1363 2547 litterae
1381 2475 1416 2545 in
1435 2495 1515 2546 aere
1534 2473 1633 2546 valde
1652 2495 1758 2566 opaco
1777 2475 1916 2550 difficile
1935 2478 2175 2569 dispiciuntur.

529 2601 615 2674 Cum
633 2621 732 2674 nemo
751 2600 1066 2692 archaeologorum,
1085 2599 1144 2689 qui
1161 2598 1557 2672 meridionalesltussiae
1576 2601 1735 2691 regiones
1753 2601 2030 2693 postWaxelium
2044 2602 2211 2697 viserunt,

421 2725 521 2798 huius
538 2725 661 2816 lapidis
679 2725 883 2798 mentionem
895 2722 1029 2815 fecerit,
1048 2723 1120 2794 veri
1138 2722 1250 2795 simile
1269 2730 1321 2794 est
1339 2742 1416 2796 eum
1434 2720 1545 2795 denuo
1563 2724 1705 2814 periisse
1723 2724 1823 2797 brevi
1840 2732 2019 2818 postquam
2033 2726 2210 2802 Waxelius

421 2849 634 2926 delineasset.

1158 2964 1176 3002 a
1527 2947 1543 3002 b

1406 3116 1666 3190 unacurt

525 3389 572 3437 «a
592 3366 687 3458 legas
709 3365 919 3460 Μησ[ί]111ς,
950 3365 1090 3455 antique
1117 3365 1295 3457 scriptum,
1324 3365 1421 3438 utin
1444 3363 1789 3454 columnaNaniana;
1818 3365 1966 3438 alterum
1994 3386 2116 3438 nomen
2142 3386 2209 3439 non

418 3493 562 3565 extrica:
582 3497 619 3564 et
636 3491 736 3564 nimis
753 3493 887 3564 incerta
905 3496 985 3564 sunt
1005 3490 1153 3563 Waxelii
1171 3490 1403 3581 apographa».
1422 3489 1575 3562 Boeelrb.
1588 3529 1637 3542 -
1654 3488 1750 3579 Quae
1769 3490 1811 3562 de
1829 3490 1933 3562 titulo
1952 3512 1977 3562 1
1992 3490 2137 3582 legendo
2155 3493 2209 3566 vir

418 3617 628 3691 clarissimus
650 3617 749 3708 dixit,
777 3617 938 3690 videntur
964 3615 1202 3708 improbanda.
1232 3613 1352 3706 Neque
1369 3615 1460 3686 enim
1483 3615 1518 3686 in
1537 3616 1697 3688 columna
1714 3615 1870 3688 Naniana
1888 3613 1942 3708 (O.
1962 3615 1991 3688 Ι.
2012 3613 2073 3689 Gr.
2093 3616 2111 3688 Ι
2129 3607 2166 3686 n⁰
2186 3620 2207 3690 3

419 3773 466 3805 =
488 3741 607 3836 Ruebl,
626 3742 656 3814 Ι.
678 3739 740 3815 Gr.
760 3742 843 3816 Aut.
863 3733 900 3813 n⁰
918 3740 1020 3834 412),
1041 3761 1105 3814 nec
1126 3760 1269 3832 usquam
1287 3741 1323 3812 in
1342 3739 1452 3813 titulis
1474 3741 1608 3831 graecis
1634 3740 1880 3833 antiquissimis
1897 3746 2063 3831 quantum
2085 3741 2210 3814 scimus

415 3869 485 3941 ΤΗ
501 3869 640 3940 litterae
657 3888 719 3959 pro
733 3864 774 3946 Q
787 3869 920 3959 positae
938 3866 1173 3940 inveniuntur:
1194 3867 1279 3938 haec
1297 3865 1388 3938 enim
1406 3871 1488 3938 nota
1504 3866 1573 3938 iam
1591 3866 1626 3937 in
1644 3865 1828 3958 alphabeto
1838 3864 2023 3938 Phoenicio
2038 3865 2207 3958 exstabat,

416 3994 512 4066 cuius
537 3993 637 4084 signa
656 3991 782 4065 Graeci
803 3993 848 4065 ad
871 3991 1110 4083 exprimendos
1137 3992 1276 4082 linguae
1302 4011 1384 4063 suae
1412 4009 1514 4063 sonos
1540 3992 1763 4082 adaptarunt;
1791 3991 1892 4081 longe
1919 3991 2024 4062 aliter
2050 4011 2107 4064 res
2133 4011 2208 4064 sese

415 4119 537 4211 habet,
566 4138 644 4191 cum
673 4119 729 4194 Ι<Η
750 4124 786 4191 11
806 4119 872 4191 ΠΗ
892 4118 935 4190 ad
958 4143 982 4216 χ
1004 4121 1041 4188 11
1063 4139 1086 4215 q
1109 4135 1275 4188 consonas
1301 4116 1537 4207 exprimendas
1563 4135 1621 4189 eos
1645 4115 1842 4189 adhibuisse
1860 4115 2015 4187 videmus
2034 4120 2070 4187 et
2087 4115 2122 4186 in
2144 4136 2201 4188 ao-

417 4243 533 4316 lumna
551 4242 706 4315 Naniana
723 4249 759 4316 et
776 4244 812 4316 in
830 4243 907 4316 aliis
925 4242 1038 4316 titulis
1057 4241 1252 4332 permultis:
1282 4261 1361 4313 cum
1380 4241 1470 4313 enim
1488 4240 1700 4313 Phoenicum
1718 4241 1940 4332 alphabetum
1959 4241 2051 4313 notis
2069 4219 2099 4315 d>
2120 4246 2156 4313 et
2175 4243 2207 4312 Χ

417 4373 564 4460 careret,
583 4364 707 4441 Graeci
725 4369 792 4458 ipsi
810 4387 867 4440 eas
885 4368 1102 4460 invenerunt,
1130 4387 1198 4438 non
1221 4370 1335 4437 tameo
1359 4367 1530 4457 extemplo
1548 4372 1731 4457 postquam
1748 4365 1960 4438 Phoenicum
1986 4365 2207 4456 alphabetum

417 4497 635 4586 receperunt,
664 4493 724 4566 sed
742 4495 853 4583 spatio
872 4491 1019 4584 quodam
1037 4492 1202 4582 temporis
1220 4489 1412 4582 interiecto,
1440 4510 1504 4581 per
1521 4491 1613 4581 quod
1639 4511 1740 4563 sonos
1759 4490 1837 4563 illos
1860 4490 1951 4562 binis
1970 4490 2060 4562 notis
2084 4491 2151 4563 ΡΗ
2173 4501 2208 4564 11
2230 4503 2235 4516 ·

419 4619 475 4693 11Η
496 4617 735 4710 designabant.
763 4617 858 4708 Quae
876 4639 954 4691 cum
972 4619 1022 4690 ita
1040 4618 1119 4708 sint,
1144 4638 1184 4690 ea
1201 4617 1430 4709 posteriorum
1448 4617 1752 4708 grammaticorum
1771 4622 1807 4689 et
1826 4616 2089 4690 scholiastarum
2107 4619 2206 4690 testi-

417 4745 540 4838 monia,
560 4764 647 4834 quae
665 4743 862 4815 Boeckbius
880 4743 916 4814 in
935 4744 1178 4816 commentario
1197 4744 1432 4834 inscriptionis
1450 4743 1626 4816 columnae
1637 4741 1813 4815 Nouianae
1832 4743 1962 4836 attulit,
1982 4764 2112 4816 summo
2130 4745 2205 4816 iure

415 4869 500 4940 reici
517 4888 616 4959 posse
634 4873 805 4959 putamus,
826 4873 991 4972 quantum
1009 4868 1053 4940 ad
1066 4865 1105 4946 Q
1120 4868 1271 4940 litteram
1289 4869 1454 4957 attinent3
1473 4867 1652 4940 admodum
1672 4869 1764 4940 enim
1782 4868 1963 4960 probabile
1983 4876 2035 4940 est
2054 4889 2094 4940 ea
2112 4869 2205 4941 nullo

416 4993 483 5066 alio
501 4991 722 5066 fundamento
742 4993 818 5084 niti,
837 4994 903 5064 nisi
921 4992 1011 5084 quod
1030 4993 1135 5064 latine
1153 4999 1177 5064 b
1196 5014 1300 5065 sonus
1318 5012 1381 5083 per
1399 4993 1469 5065 ΤΗ
1489 5013 1671 5085 expressus
1689 4998 1790 5098 esset.
1820 4992 1887 5065 Sed
1906 4993 2008 5065 etiam
2027 4993 2056 5065 si
2074 4999 2205 5085 tempo·

416 5118 512 5190 ribus
531 5117 778 5208 antiquissimis
796 5114 919 5191 Graeci
937 5137 1001 5208 pro
1020 5114 1059 5195 Q
1077 5118 1194 5190 littera
1213 5119 1282 5191 ΤΗ
1302 5117 1506 5209 posuissent,
1533 5118 1570 5189 in
1595 5123 1715 5190 nostro
1741 5121 1857 5190 tamen
1885 5117 1987 5190 titulo
2005 5118 2069 5190 hoc
2087 5118 2205 5209 utique

416 5243 562 5314 manime
577 5251 668 5316 esset
683 5243 856 5315 mirabile:
876 5263 956 5314 nam
970 5247 1006 5314 et
1019 5242 1165 5314 aliarum
1183 5242 1379 5315 litterarum
1398 5244 1548 5326 omnium
1561 5241 1692 5316 formae
1710 5243 1878 5315 archaicis
1896 5264 1963 5315 non
1981 5247 2059 5315 sunt
2077 5240 2204 5317 similes

416 5372 452 5439 et
469 5368 505 5440 Ω
523 5374 603 5440 nota
629 5368 721 5442 inter
748 5388 806 5440 eas
833 5372 1020 5458 comparet,
1048 5387 1135 5457 quae
1162 5369 1312 5441 omnium
1339 5367 1460 5440 ultima
1483 5388 1505 5438 a
1526 5367 1668 5441 Graecis
1696 5374 1833 5459 recepta
1860 5372 1913 5440 est
1935 5365 1992 5459 (cf.
2013 5367 2202 5461 Kircbboff,

415 5489 557 5564 Studien
574 5513 637 5563 eur
652 5489 768 5566 (lcacb.
789 5491 823 5564 11.
839 5491 961 5582 911111.
978 5488 1135 5583 11111111
1148 5513 1182 5584 p.
1200 5494 1274 5584 39).
1296 5493 1333 5565 Si
1352 5493 1508 5584 exemplo
1520 5514 1605 5585 opus
1624 5475 1688 5584 est,
1707 5493 1742 5564 in
1761 5493 1871 5565 titulis
1886 5475 2225 5566 Abu-Simbelnnis'

416 5616 550 5708 (Roehl,
570 5617 598 5688 Ι.
615 5613 657 5689 G.
674 5619 717 5689 A.
737 5608 774 5688 n⁰
793 5621 894 5711 482),
915 5638 999 5710 quos
1017 5637 1105 5690 anno
1126 5619 1201 5691 590
1220 5639 1252 5692 1.
1272 5617 1354 5691 Chr.
1375 5620 1584 5692 recentiores
1601 5637 1676 5692 esse
1694 5638 1759 5690 non
1778 5637 1878 5710 posse
1897 5622 2043 5711 constat,
2063 5620 2099 5692 Ω
2118 5639 2200 5691 non-

470 5949 495 6019 1)
508 5948 628 6005 stelii
641 5949 711 6005 liber
724 5952 827 6008 nussim
837 5967 943 6021 quoque
957 5953 1068 6024 prodiit:
1084 5951 1289 6021 ldaodpaarenia
1326 5952 1454 6020 tleprrarc
1465 5964 1547 6020 uopa,
1557 5964 1737 6019 upanapueau.
1747 5948 1916 6004 Pocailcaol
1925 5949 2084 6018 uunepiu...
2098 5964 2200 6013 nauan-

416 6055 553 6110 paaunrx's
572 6054 780 6102 nouaruuaosu
797 6056 969 6110 upcsuocru,
993 6044 1073 6106 naha.
1092 6057 1128 6095 rra
1146 6041 1289 6110 seperare
1324 6057 1386 6097 uara
1395 6040 1429 6096 H.
1437 6039 1682 6096 cunamen.
1696 6039 1743 6094 Ba
1753 6037 2034 6110 Oasaruerepbyprb,
2045 6041 2110 6095 1801
2122 6055 2145 6093 r.
2161 6037 2198 6094 4⁰.

1973 6134 1989 6188 3
