5560 7516
613 1050 662 1120 42
1449 1041 1578 1115 Onam.
2118 1083 2121 1092 ·
2239 1040 2273 1114 n
2295 1045 2353 1115 16.

610 1258 701 1333 binis
727 1259 884 1352 partibus
910 1257 1008 1331 aurei
1033 1257 1146 1330 tertiis
1174 1254 1387 1328 constabant.
1417 1253 1532 1346 Quum
1558 1255 1667 1347 igitur
1693 1277 1762 1330 uno
1789 1274 1894 1330 aureo
1921 1276 1964 1330 ne
1990 1275 2079 1328 unus
2106 1254 2244 1346 quidem
2273 1255 2411 1347 integer

611 1384 805 1456 medimnus
831 1383 941 1457 tritici
959 1388 1143 1474 emeretur,
1172 1378 1272 1453 facile
1298 1377 1516 1469 intellegitur
1534 1400 1598 1452 cur
1614 1380 1681 1453 hoc
1698 1380 1770 1456 solo
1788 1382 1864 1456 loco
1881 1403 1903 1454 a
1919 1382 2053 1454 ratione
2080 1379 2183 1453 solita
2199 1380 2315 1472 pretia
2336 1379 2409 1455 fru-

611 1509 719 1581 menti
735 1509 908 1581 indioandi
925 1507 1111 1582 discessum
1130 1507 1209 1578 sito.
1230 1503 1528 1578 vaesanorum
1547 1504 1798 1579 medimnorum
1817 1505 1893 1602 (41],
1902 1512 1939 1579 et
1950 1505 2036 1604 Ῥῶ)
2053 1527 2116 1597 pro
2135 1505 2279 1596 siugulis
2297 1507 2411 1579 aureis

612 1631 769 1705 datorum
789 1629 963 1725 designari
981 1629 1176 1706 Boeclrhius
1198 1628 1298 1702 vidit.
1327 1626 1384 1701 Ita
1405 1628 1507 1700 unius
1533 1628 1696 1702 medimui
1723 1632 1836 1722 pretia
1862 1651 1950 1723 quae
1976 1635 2212 1703 memorantur
2237 1650 2298 1704 sex
2324 1631 2410 1704 baec

612 1755 768 1831 fuerunt:

1142 1916 1175 1968 v.
1198 1897 1265 1966 24:
1289 1897 1306 1968 1
1329 1893 1523 1969 medimnus
1545 1893 1581 1992 ¹ss
1607 1917 1641 1989 p.
1661 1897 1758 1970 aurei
1776 1902 1910 1973 constat

1142 2040 1175 2092 v.
1196 2021 1262 2090 29:
1291 2046 1307 2084 υ
1414 2047 1432 2086 n
1536 2017 1586 2117 Ἃ,

1682 2049 1699 2088 υ
1823 2050 1841 2089 υ

1142 2164 1174 2216 v.
1197 2147 1263 2216 60:
1292 2170 1309 2209 υ
1415 2171 1432 2210 n
1538 2142 1576 2241 Ἃ
1686 2174 1702 2213 υ
1826 2173 1842 2212 r

1141 2289 1175 2341 v.
1197 2269 1264 2340 63:
1293 2295 1310 2334 υ
1417 2295 1433 2336 n
1518 2267 1576 2366 1²]8
1686 2297 1703 2337 ν
1828 2298 1844 2336 n

1142 2417 1176 2470 v.
1198 2397 1264 2470 74:
1295 2424 1312 2462 n
1418 2423 1434 2463 ν
1539 2395 1589 2495 Ἃ,
1686 2426 1702 2465 n
1827 2425 1843 2464 υ

1142 2540 1176 2593 v.
1197 2521 1263 2594 75:
1294 2546 1310 2584 a
1416 2546 1433 2586 r>
1527 2517 1589 2619 ¹²41
1686 2549 1703 2588 n
1827 2549 1844 2590 υ

720 2749 775 2823 De
801 2751 977 2824 locutione
1004 2770 1093 2843 quae
1120 2756 1173 2824 est
1201 2751 1238 2822 ὲκ
1265 2751 1555 2850 pauperculorum
1573 2772 1605 2825 ν.
1627 2753 1673 2825 71
1696 2756 1732 2826 et
1753 2753 1783 2826 B
1803 2774 1837 2827 v.
1858 2753 1921 2847 43)
1939 2745 2025 2827 haec'
2043 2751 2255 2826 Boeclrbius:
2284 2752 2412 2826 «verba

615 2875 796 2974 ἐκομίσατο
825 2873 956 2976 χαλκὸν
985 2878 1022 2947 ἐκ
1048 2877 1274 2976 τετρακοσίων
1303 2877 1414 2969 possis
1440 2877 1490 2949 ita
1511 2877 1718 2972 intelligere,
1747 2883 1787 2951 ut
1808 2900 1873 2970 pro
1891 2877 2034 2971 siugulis
2056 2879 2168 2951 aureis
2186 2877 2414 2970 quadringeni

614 3001 707 3072 aerei
725 3000 855 3072 nummi
870 3000 997 3074 redditi
1016 3001 1096 3095 siut,
1125 3022 1232 3093 quum
1256 3003 1458 3094 praesertim
1479 3002 1521 3074 B.
1542 3023 1576 3076 ν.
1597 3004 1659 3075 43.
1680 3003 1807 3074 iterum
1826 3002 1872 3076 sit
1891 3003 1928 3074 ἐκ
1945 3003 2187 3102 τετρακοσίωνε
2216 3002 2277 3075 sed
2294 3003 2330 3072 in
2347 3003 2412 3075 hac

614 3125 785 3198 sententia
803 3132 965 3216 expectes
983 3127 1098 3217 potius
1119 3127 1162 3208 εἰς
1182 3126 1416 3224 τετρακοσίους
1437 3122 1625 3224 (χαλκοῦς),
1655 3133 1816 3219 utsupra
1835 3125 2007 3221 εἰςτίντε,
2032 3129 2079 3210 εἰς
2097 3116 2177 3198 δέκα
2197 3132 2264 3200 etc.
2285 3126 2321 3198 iu
2338 3124 2412 3199 fru-

613 3251 722 3322 menti
739 3251 859 3341 pretiis
877 3252 1126 3343 computandis.
1157 3249 1324 3324 Praefero
1348 3252 1459 3342 igitur
1477 3251 1641 3324 Koebleri
1660 3257 1695 3324 et
1712 3252 1893 3324 Letronnii
1915 3253 2130 3345 seutentiam,
2154 3272 2194 3323 en
2211 3256 2314 3344 porte
2331 3272 2414 3344 qao·

613 3374 869 3468 drioqeatoram
894 3397 1088 3467 carenum,
1116 3377 1182 3450 boc
1201 3383 1256 3449 est
1281 3396 1345 3466 pro
1364 3376 1623 3469 quadringentis
1649 3378 1764 3450 aureis
1791 3396 1851 3450 aes
1873 3377 2047 3469 accepisse
2068 3375 2335 3467 Protogenemo.
2364 3378 2414 3450 at

615 3501 699 3572 mibi
718 3500 783 3572 hoc
803 3500 940 3574 dicendi
957 3522 1067 3591 genus
1084 3521 1152 3574 uon
1171 3501 1307 3572 videtur
1330 3501 1468 3573 obstare
1486 3503 1668 3592 quominus
1686 3498 1837 3592 priorem
1855 3500 1948 3574 illam
1969 3501 2136 3575 Boeclrhii
2153 3500 2416 3592 explicationem

618 3643 820 3717 sequamur;
839 3626 966 3698 locutio
980 3626 1070 3698 enim
1086 3645 1173 3717 quae
1192 3629 1245 3696 est
1263 3625 1307 3706 εἰς
1326 3623 1436 3718 πέντε,
1457 3627 1502 3708 είς
1521 3615 1602 3696 δέκα
1617 3638 1682 3699 etc.
1701 3631 1737 3698 et
1755 3627 1829 3718 ipsa
1846 3625 2031 3716 singularis
2048 3631 2104 3697 est
2121 3645 2184 3698 nec
2200 3645 2300 3717 quam
2315 3623 2417 3698 facile

617 3748 701 3821 alibi
719 3750 888 3834 inveniam
916 3751 1031 3841 potuit
1048 3750 1158 3840 igitur
1176 3750 1278 3822 etiam
1300 3749 1395 3823 aliud
1420 3751 1592 3840 peculiare
1611 3751 1746 3824 dicendi
1774 3770 1885 3841 genus
1905 3749 2026 3823 Olbiae
2044 3750 2079 3821 in
2097 3771 2162 3822 usu
2180 3750 2295 3840 fuisse,
2324 3750 2417 3841 quod

616 3873 785 3946 rationem
802 3877 931 3967 (cours)
955 3874 1175 3966 signiticaret,
1192 3895 1277 3966 qaae
1294 3872 1385 3946 inter
1401 3895 1526 3946 aeruna
1544 3880 1576 3946 et
1594 3896 1650 3948 cea
1668 3873 1897 3948 intercederet.
1926 3873 2002 3946 Hoc
2016 3873 2162 3946 maxime
2177 3873 2261 3944 mihi
2279 3872 2415 3945 videtur

620 3997 816 4072 confirmari
834 4020 875 4071 eo
894 4001 987 4091 quod
1005 4000 1115 4073 altero
1136 3999 1197 4071 illo
1216 4001 1292 4072 loco
1309 4000 1353 4091 (Β
1372 4020 1404 4072 v.
1425 3999 1490 4091 43)
1511 4001 1602 4072 idem
1625 4004 1913 4072 commemoratus
1936 4004 1990 4070 est
2008 4018 2172 4071 uumerus
2198 4018 2415 4070 nummorum

618 4143 810 4216 aereorum,
829 4145 1034 4216 quamquam
1052 4131 1125 4198 turn
1140 4124 1329 4214 Protogeni
1347 4123 1424 4214 plus
1442 4123 1589 4198 debebat
1607 4124 1727 4198 civitas
1744 4126 1880 4214 (nempe
1899 4125 2000 4196 1500
2016 4125 2162 4215 aureos),
2182 4143 2283 4214 quam
2302 4128 2413 4197 antea.

621 4245 721 4318 Hauc
739 4249 919 4343 rationem,
948 4270 1016 4341 qua
1034 4271 1118 4322 usus
1135 4248 1349 4340 Protogenes
1367 4269 1430 4340 pro
1449 4269 1516 4322 uno
1538 4270 1644 4322 aureo
1662 4248 1930 4341 quadringentos
1956 4267 2114 4321 nummos
2132 4267 2252 4320 aereos
2269 4247 2435 4340 accepit.

621 4371 784 4444 minorem
815 4371 921 4446 fuisse
953 4380 1038 4464 puta
1066 4393 1123 4466 ea,
1156 4393 1245 4465 quae
1277 4379 1351 4446 tum
1383 4373 1516 4446 omnino
1547 4371 1616 4446 brit
1645 4378 1787 4465 propter
1819 4371 1970 4445 civitatis
2000 4376 2240 4462 paupertatem
2271 4371 2415 4462 aurique

618 4496 807 4588 penuriam.
942 4579 947 4588 ,

726 4621 768 4694 Β.
788 4643 821 4693 ν.
841 4623 992 4695 15-17
1013 4620 1055 4694 de
1072 4614 1254 4707 Μιξὲλλησι
1272 4615 1336 4712 τὴν
1355 4617 1542 4718 ταρὼρειαν
1560 4621 1686 4692 οἰκοῦσι
1704 4620 1789 4693 baec
1806 4619 1941 4693 monuit
1953 4618 2260 4716 Dittenbergerus:
2281 4617 2417 4692 «Muta

621 4765 665 4818 ex
684 4743 822 4836 Scythis
839 4750 875 4817 et
894 4745 1037 4820 Graecis
1055 4745 1161 4836 natio,
1191 4764 1294 4836 quam
1312 4744 1347 4816 iu
1366 4745 1486 4818 eadem
1506 4748 1647 4839 regione
1664 4747 1733 4819 iam
1754 4747 1851 4820 novit
1867 4745 2066 4820 Herodotus
2082 4744 2147 4839 IV,
2171 4749 2234 4818 17:
2262 4742 2338 4818 Ἀπὸ
2355 4754 2415 4816 τοῦ

621 4867 903 4970 Βορυσθενεϊτέων
932 4871 1090 4969 ἐμπορίου
1109 4910 1161 4922 -
1180 4881 1305 4969 πρῶτοι
1332 4862 1537 4944 delassabat
1564 4869 1722 4971 νέμονται
1733 4867 1900 4958 Ἕλληνες
1927 4870 2063 4943 Σκύθαι.
2093 4869 2207 4962 Quum
2230 4875 2362 4943 montes
2380 4869 2416 4942 in

620 4995 689 5068 illis
716 4995 819 5067 terris
846 4998 983 5068 omuino
1012 4994 1095 5066 nulli
1122 4995 1203 5087 sint,
1233 4992 1419 5092 ταρὼρειαν
1447 4997 1522 5069 iure
1549 4996 1760 5088 interpretes
1786 4996 2032 5070 intellexeruut
2058 4996 2100 5069 de
2127 4995 2322 5087 praeruptis
2350 4994 2417 5068 illis

621 5120 720 5213 ripis,
749 5119 873 5211 quibus
900 5119 1063 5211 planicies
1082 5118 1244 5211 Scythica
1263 5138 1284 5190 a
1301 5118 1421 5191 littore
1447 5117 1553 5188 maris
1575 5124 1610 5189 et
1632 5115 1811 5190 fluminum
1839 5117 1985 5191 vallibus
2013 5118 2232 5192 distinetur».
2252 5158 2304 5171 --
2322 5117 2416 5191 ldem

623 5249 752 5318 monuit
768 5245 951 5318 verborum
970 5246 1005 5316 in
1023 5241 1109 5328 -οίζω
1128 5242 1246 5316 lutura
1263 5247 1443 5316 condocta
1461 5241 1507 5334 (r.
1531 5245 1591 5314 29:
1611 5243 1840 5336 κατασκευῦν)
1858 5244 1893 5314 in
1912 5243 2023 5317 titulis
2040 5244 2147 5318 trium
2165 5248 2417 5336 postremorum

622 5391 654 5443 a.
676 5368 759 5443 Ohr.
779 5370 994 5442 saeculorum
1014 5370 1098 5442 satis
1116 5368 1310 5460 frequentia
1331 5387 1420 5458 esse,
1440 5371 1476 5438 et
1494 5368 1658 5458 exemplis
1676 5368 1837 5460 probarit
1853 5368 2003 5442 Hermae
2021 5389 2055 5441 v.
2074 5367 2160 5441 XVI
2177 5389 2211 5459 p.
2232 5371 2278 5440 17
2283 5372 2304 5439 2
2323 5387 2359 5440 n.
2383 5372 2418 5442 1.

626 5535 673 5548 -
688 5494 734 5568 V.
751 5499 800 5568 46
816 5489 1064 5592 Καῦηγὴτορος
1082 5495 1207 5585 scripsi
1220 5491 1529 5582 Dittenbergerum
1548 5498 1696 5587 secutus,
1716 5493 1775 5584 qui
1792 5493 1878 5566 baec
1898 5493 2092 5567 adnotavit:
2113 5489 2212 5564 «καθ’
2228 5486 2417 5590 Ἡγὴτορσς

624 5621 820 5695 Boeckhius
837 5620 1043 5711 intellegens
1056 5619 1146 5692 κατὰ
1164 5617 1228 5712 τὴν
1241 5612 1430 5716 Ἡγήτορος
1448 5617 1553 5688 οἰκίαν
1567 5618 1642 5709 (aut
1659 5618 1748 5690 κατὰ
1765 5620 1805 5690 τὸ
1818 5610 2007 5716 Ἡγήτορος
2027 5616 2123 5717 ἱερὸν,
2143 5618 2173 5690 si
2192 5616 2296 5691 heroa
2316 5636 2417 5706 quam

511 5843 515 5850 ι
624 5746 797 5820 hominem
815 5750 969 5818 statuere
987 5745 1112 5838 malis).
1141 5745 1191 5819 at
1212 5749 1252 5815 ut
1269 5747 1365 5815 recte
1383 5745 1420 5814 et
1437 5742 1618 5843 perspicue
1645 5743 1775 5817 dieitur
1793 5744 1827 5812 ὲν
1846 5741 2016 5837 Διονύσου,
2046 5743 2127 5834 quia
2153 5743 2364 5834 praepositio
2382 5742 2417 5812 ἐν

624 5871 823 5964 genetivum
840 5890 963 5962 regere
980 5890 1048 5943 non
1066 5869 1192 5963 potest,
1212 5869 1262 5940 sic
1279 5863 1357 5937 καθ’
1369 5855 1556 5965 Ἡγήτορος
1574 5867 1726 5961 elliptice
1744 5866 1814 5940 dici
1831 5887 1899 5940 nou
1916 5865 1998 5941 licet
2015 5867 2088 5940 siue
2107 5868 2255 5940 articulo
2274 5871 2419 5959 propter

624 5995 896 6087 ambiguitatem.
924 5993 1033 6069 Immo
1053 6002 1092 6067 ut
1110 5995 1200 6086 apud
1219 5991 1321 6066 Deru.
1340 5989 1435 6085 XIX,
1456 5995 1529 6066 249
1550 5994 1698 6086 legimus
1715 5996 1795 6091 πρὸς
1813 5999 1864 6088 τῷ
1881 6003 1942 6066 τοῦ
1964 5991 2037 6092 ἥρω
2059 6004 2119 6066 τοῦ
2143 5993 2266 6092 ἰατροῦ,
2293 5993 2344 6064 ita
2360 5991 2417 6064 hic
