5530 7512
607 1071 678 1140 106
828 1175 831 1182 λ
1443 1066 1573 1138 Onam.
2227 1064 2264 1141 Μ
2284 1073 2345 1141 70.
2456 1017 2458 1024 v

604 1279 861 1371 Olbiopolitana
887 1281 1038 1352 nondum
1066 1286 1243 1370 repertum
1271 1284 1335 1368 est,
1364 1299 1441 1350 oum
1460 1275 1640 1376 Φάρναγος
1669 1280 1714 1351 sit
1740 1279 1904 1371 frequens
1922 1279 1996 1370 (nu⁰
2017 1267 2076 1354 59.
2100 1283 2160 1352 68.
2184 1283 2244 1352 71.
2267 1284 2341 1372 83).
2362 1284 2401 1354 In
2529 1363 2531 1370 Α

563 1485 567 1492 ,
602 1405 743 1495 reliquis
764 1403 898 1477 Struvii
916 1405 1155 1496 supplementa
1172 1405 1378 1475 retinuimus
1399 1405 1445 1496 (v,
1469 1408 1489 1476 3
1517 1395 1644 1497 [Πί]δεϊ
1669 1407 1825 1478 restituit
1844 1407 2028 1496 Jurgeviuz
2048 1427 2067 1476 e
2087 1406 2188 1478 titulo
2216 1408 2275 1497 qui
2303 1408 2403 1480 nobis

603 1534 656 1598 est
677 1529 751 1618 61),
781 1533 926 1618 excepto
946 1529 1036 1618 quod
1056 1551 1088 1602 v.
1111 1533 1132 1600 9
1153 1549 1252 1600 voees
1270 1529 1391 1613 Νείκην
1410 1528 1553 1628 χρύσεον
1572 1529 1615 1600 ab
1634 1551 1674 1600 oo
1693 1531 1870 1621 suppletas
1893 1532 2082 1621 omisimus,
2101 1532 2183 1622 quia
2202 1538 2401 1622 praetorum

603 1653 744 1725 donaria
763 1675 830 1724 non
849 1674 985 1743 semper
1003 1654 1123 1725 eadem
1141 1651 1246 1724 luisse
1265 1654 1358 1724 tituli
1376 1653 1534 1743 probant.
1564 1652 1728 1725 Ceterum
1748 1656 1936 1745 repetenda
1954 1655 2115 1728 videntur
2140 1677 2226 1746 quae
2245 1656 2404 1729 Struvius

602 1777 676 1866 ipse
700 1778 741 1848 de
766 1799 828 1848 sua
851 1777 1124 1868 fragmentorum
1153 1779 1396 1868 compositione
1425 1779 1528 1848 dixit:
1558 1779 1640 1850 «leh
1659 1780 1758 1850 weiss
1777 1780 1882 1870 nicht,
1912 1779 1955 1850 ob
1983 1781 2039 1850 ieh
2067 1781 2197 1870 riehtig
2224 1781 2284 1854 das
2311 1789 2403 1854 erste

602 1901 791 1991 Fragment
809 1904 872 1974 mit
890 1902 967 1975 dem
996 1903 1139 1973 zweiten
1168 1901 1231 1973 auf
1255 1901 1356 1992 obige
1376 1903 1492 1974 Weise
1510 1903 1720 1976 verbunden.
1750 1904 1825 1975 Aul
1845 1903 1950 1995 jeden
1969 1903 2045 1975 Feli
2064 1903 2205 1997 kommt,
2227 1927 2323 1976 ueun
2347 1907 2402 1978 die

603 2025 896 2116 dreiFragmente
915 2026 1067 2098 wirklielr
1087 2028 1200 2098 einer
1218 2025 1383 2099 Insehrift
1401 2026 1610 2118 angehdrem
1631 2050 1697 2098 nur
1716 2049 1753 2099 so
1772 2030 1828 2100 die
1838 2029 1923 2100 Zahl
1942 2049 2008 2099 von
2024 2033 2044 2100 6
2062 2029 2245 2119 Strategen
2264 2032 2400 2103 herous.

604 2152 701 2224 Aber
721 2152 888 2223 zuisehen
908 2152 985 2222 dem
1009 2154 1154 2223 zweiten
1172 2153 1242 2223 und
1263 2153 1392 2224 dritten
1411 2152 1620 2244 Fragmenta
1648 2175 1741 2226 muss
1769 2155 1856 2226 doeh
1875 2154 1965 2225 wohl
1984 2155 2187 2244 uenigstens
2214 2157 2289 2236 eine
2310 2155 2403 2227 Zeile

603 2277 761 2350 verioren
779 2297 955 2368 gegangen
975 2279 1047 2349 sein
1066 2279 1129 2348 mit
1149 2277 1210 2349 der
1229 2277 1374 2367 Angabe
1394 2278 1453 2349 des
1473 2279 1748 2369 dargebraohten
1768 2279 2018 2352 Gesohenkes».

709 2641 776 2731 10,
805 2651 867 2721 «ln
886 2651 1032 2722 ecelesia
1050 2650 1166 2740 oppidi
1181 2649 1356 2742 Nicolaev‚
1377 2674 1419 2724 ex
1438 2653 1622 2725 ruderibus
1645 2651 1777 2742 Olbiam
1797 2659 1916 2743 postea
1934 2653 2265 2724 videtanauvelius
2283 2657 2402 2745 aequi-

605 2779 724 2850 sivisse
743 2784 778 2849 et
797 2778 951 2848 Athenas
979 2777 1189 2868 deportasse,
1219 2777 1278 2846 ubi
1306 2777 1527 2867 transcripsit
1545 2776 1749 2868 Walpolius:
1780 2799 1822 2848 ex
1848 2778 1952 2848 huius
1979 2777 2113 2876 selredis
2141 2776 2249 2848 edidit
2269 2775 2401 2850 Clark.

605 2907 685 2977 ltin.
706 2912 731 2977 t.
753 2906 781 2996 l,
811 2927 845 2996 p.
868 2908 941 2976 616
963 2905 1030 2996 [ed.
1052 2909 1075 2976 4
1095 2927 1128 2976 u.
1148 2905 1184 2975 II
1202 2926 1237 2995 p.
1260 2904 1363 2997 355}
1394 2925 1436 2974 ex
1462 2905 1525 2975 hoe
1545 2905 1770 2977 Roehettns
1799 2906 1897 2977 Antt.
1922 2906 2027 2996 Bosp.
2053 2905 2124 2976 tab.
2146 2903 2226 2976 Vll.
2247 2926 2280 2976 n.
2304 2907 2337 2976 2.
2369 2912 2405 2977 et

606 3029 790 3105 Osannus
809 3029 890 3118 Syll.
911 3049 945 3120 p.
967 3031 1077 3099 229».
1098 3029 1280 3121 Boeokh,
1303 3030 1342 3101 O.
1365 3030 1391 3100 Ι.
1414 3029 1475 3102 Gr.
1497 3031 1543 3122 ΙΙ,
1564 3022 1601 3100 n⁰
1622 3033 1734 3101 2073.

714 3155 765 3226 De
784 3154 898 3245 lapide
918 3176 949 3226 v.
970 3175 1056 3244 quae
1076 3154 1121 3224 ad
1138 3145 1174 3223 n⁰
1194 3158 1243 3224 47
1263 3156 1508 3228 adnotavimus.
1531 3156 1731 3245 Repetimus
1749 3157 1943 3244 exemplum
1964 3154 2198 3228 Claudianum.

838 3371 851 3421 1
927 3348 1357 3422 ΑΓΑΘΗΙΤΥΧΗΙ
1777 3349 2045 3452 Ἀγαθῄιτὺχηι.
2194 3379 2200 3394 ·

890 3489 894 3508 ’
924 3473 1176 3547 ΛΠΟΛΛΩ
1191 3475 1221 3544 Ν
1240 3477 1249 3545 l
1268 3476 1299 3547 ΓΙ
1317 3476 1429 3548 Pol:
1671 3471 1886 3568 [Ἀ]πὸλλωνι
1904 3479 2013 3572 Προσ-

924 3598 1092 3671 ΤΑΤΗ
1108 3600 1117 3668 l
1131 3599 1187 3670 Ol
1202 3599 1332 3670 ΠΕΡΙ
1672 3596 1770 3685 τάτηι
1790 3605 1819 3672 ot
1838 3601 1909 3696 napi
1930 3598 2003 3692 [adu
2023 3587 2126 3689 δεῖνα]

750 3815 758 3820 .
927 3724 1562 3802 ΓΙΡΑΞΙΑΝΑΚΤΟΣΣΤΡΑ
1675 3718 1925 3820 Πραξιάνακτος
1945 3747 2043 3814 supa·
2191 3742 2194 3748 ·

628 3877 630 3890 ⁴
836 3871 852 3921 5
927 3848 1565 3924 ΤΗΓΟΙΑΣΚΛΗΠΙΑΔΗΣ
1672 3849 1782 3943 τηγοί·
1805 3837 2048 3934 Ἀσκληπιάδης

485 3953 487 3960 ‘
930 3971 1237 4044 notandos
1674 3962 1857 4064 nautea,

927 4095 1362 4172 ΘΡΑΣΙΛΛΗΟΣΘ
1376 4099 1438 4172 ΡΑ
1672 4093 1926 4195 Θρασ[ὑ]λληος
1945 4101 2032 4194 Θρα-

926 4220 980 4291 ΣΙ
996 4223 1231 4296 ΒΟΥΛΟΥ.
1244 4276 1437 4295 .......
1672 4217 1878 4317 σ[υ]βούλου,
1902 4261 1950 4274 -
1974 4261 2019 4273 -—

927 4594 1371 4668 ΜΟΥΛΙΟΥΡΓΟΣ
1671 4593 1902 4692 Μουλίουργος

928 4719 1165 4791 ΠΟΣΙΔΗ
1180 4722 1377 4792 ΟΥΑΝΕ
1673 4711 1843 4813 Ποσιδήου
1861 4718 1937 4790 tot-¹

929 4846 1498 4919 ΘΗΚΑΝΝΕΙΚΗΝΧΡΥ
1673 4844 2021 4942 θηκανΝείκηνχρὺ-

925 4969 1359 5044 ΣΕΟΝΣΥΝΒΑΣΙ
1673 4994 1748 5039 naeu
1770 4974 1830 5039 σὺν
1852 4964 2034 5065 βάσ[ειὰρ-

928 5467 1381 5543 ΤΗΣΠΟΛΕΩΣΚΑΙ
1673 5471 1735 5559 τῆς
1754 5464 1885 5548 πόλεως
1903 5469 1959 5536 καὶ

927 5592 1047 5663 ΤΗΣ
1064 5591 1289 5665 ΕΑΥΤΩΝ
1673 5597 1735 5684 τῆς
1756 5596 1884 5661 ἑαυτῶν

821 5737 856 5789 20
931 5771 1094 5788 ......
1124 5719 1192 5788 ΥΓ
1203 5715 1340 5789 ΕΙΑΣ
1744 5715 1868 5810 ὑγείας.

719 5895 955 5970 «Laeunarum
976 5896 1074 5984 signa
1092 5894 1193 5984 plura
1211 5894 1472 5982 emendentur,
1492 5914 1594 5983 quam
1609 5915 1650 5963 ex
1664 5893 1715 5962 rei
1730 5893 1892 5962 ueritate:
1914 5898 2008 5964 certe
2027 5913 2074 5962 vs.
2094 5895 2141 5961 20
2161 5889 2253 5960 nulla
2272 5893 2407 5962 omnino

613 6022 736 6092 lacuna
755 6021 948 6107 statuenda,
979 6019 1069 6108 quod
1090 6018 1174 6087 vidit
1197 6018 1300 6086 etiam
1321 6017 1489 6108 Ossaeus,
1520 6039 1582 6088 nee
1611 6016 1757 6088 fortasse
1776 6039 1823 6087 vs.
1848 6021 1881 6088 8.
1903 6018 1997 6089 aliud
2028 6016 2212 6106 quidquam
2241 6016 2407 6103 scriptum
