5560 7516
562 1015 609 1084 18
663 1039 665 1046 ·
1393 1007 1523 1080 Onera.
2205 1003 2293 1078 158.

558 1225 639 1297 dum
667 1227 854 1315 comparet,
873 1219 914 1301 Θ
931 1227 1047 1294 55155
1074 1225 1272 1294 constanter
1298 1226 1494 1311 usurpatur.
1525 1219 1689 1294 Ceterum
1708 1220 1752 1295 cl.
1772 1242 1860 1313 quae
1883 1221 2040 1312 exposuit
2057 1220 2086 1292 Ι.
2107 1219 2219 1291 Franz
2247 1219 2346 1294 elem.

558 1350 666 1440 epigr.
687 1347 842 1422 Graecae
858 1368 894 1439 p.
918 1349 977 1418 18.

649 1471 751 1574 Ι(1555
768 1473 876 1564 igitur
893 1471 1058 1545 Boeckbii
1086 1471 1319 1544 coniecturam
1345 1471 1495 1562 probare
1516 1492 1583 1544 non
1606 1472 1788 1563 possimus,
1817 1469 1966 1544 fatemur
1987 1478 2103 1543 tamen
2129 1491 2192 1544 nos
2218 1472 2347 1543 nullam

557 1600 659 1672 aliam
677 1597 941 1689 probabiliorem
967 1596 1136 1669 invenisse
1158 1616 1269 1688 neque
1292 1597 1403 1668 minus
1430 1595 1703 1669 inextricabilem
1722 1596 1821 1668 nobis
1839 1596 1950 1667 videri
1972 1593 2115 1667 titulum
2133 1617 2166 1686 c,
2196 1616 2297 1686 quam
2316 1595 2348 1688 b,

558 1724 739 1796 autetiam
757 1723 882 1813 magis:
909 1724 945 1794 in
964 1723 1030 1794 boc
1049 1721 1140 1793 enim
1158 1719 1305 1792 fortasse
1324 1721 1506 1811 legendum
1529 1728 1582 1792 est
1601 1713 2229 1818 [Ν]ι[κ]ὠ[ν]ι(ο)ς551[Ν]ι[κ]ω[ν]ίς,
2259 1720 2349 1811 quod

558 1849 604 1922 sit
622 1845 749 1919 ἐθνικὸν
770 1848 949 1920 masculini
967 1851 1028 1919 eut
1053 1844 1208 1918 feminini
1235 1845 1370 1935 generis
1388 1866 1409 1917 a
1426 1845 1563 1917 nomine
1582 1845 1698 1936 oppidi
1715 1843 1877 1916 Νικώνιον
1896 1850 1957 1916 aut
1974 1845 2120 1916 Νικωνία
2138 1843 2348 1936 derivatum

558 1972 649 2064 quod
667 1972 828 2063 oppidum
848 1972 898 2044 eis
917 1972 1001 2044 locis
1018 1969 1124 2044 fuisse
1144 1977 1290 2059 constat,
1311 1971 1371 2042 ubi
1389 1971 1474 2042 haec
1493 1969 1584 2042 basis
1602 1975 1745 2060 reperta
1763 1974 1816 2040 est
1834 1966 1891 2061 (cf.
1913 1990 1999 2061 quae
2017 1969 2056 2042 P.
2078 1967 2214 2041 Becker
2232 1969 2348 2060 dispu-

557 2099 646 2169 tarit
672 2101 739 2169 act.
764 2117 833 2170 soc.
858 2097 952 2168 arch.
976 2095 1149 2185 Petropol.
1174 2117 1206 2168 v.
1231 2093 1283 2166 VI
1310 2117 1344 2186 p.
1372 2098 1445 2167 110
1470 2115 1520 2185 sq.
1544 2124 1590 2156 =
1612 2099 1678 2166 act.
1704 2115 1771 2166 soc.
1798 2093 1917 2168 Odess.
1943 2118 1975 2167 v.
2002 2094 2053 2168 ΙΙΙ
2080 2116 2113 2186 p.
2142 2099 2216 2168 174
2244 2095 2346 2186 sqq.).

560 2221 754 2311 Stephanus
772 2221 909 2311 quidem
920 2220 1131 2311 Byzantinus
1149 2220 1250 2290 buius
1268 2219 1383 2309 oppidi
1401 2220 1529 2291 incolas
1538 2215 1743 2301 Νικωνιάτας
1758 2219 1921 2309 nominat,
1940 2220 1998 2292 sed
2017 2221 2053 2291 iu
2070 2219 2181 2292 titulis
2199 2224 2234 2291 et
2251 2239 2347 2292 num·

559 2346 625 2417 mis
652 2366 816 2438 persaepe
844 2347 981 2417 ἐθνικῶν
1009 2343 1137 2417 formas
1163 2344 1324 2434 inveniri,
1354 2363 1441 2433 quae
1463 2364 1506 2413 ex
1528 2343 1755 2434 scriptoribus
1783 2363 1850 2415 uon
1877 2343 1945 2415 siut
1972 2349 2084 2438 notae,
2113 2343 2207 2416 inter
2234 2364 2350 2416 omnes

560 2473 702 2544 constat.

1292 3111 1379 3223 III.
1418 3111 1617 3224 onam

615 3363 773 3466 (rudera
791 3363 951 3449 exstant
972 3364 1089 3448 iuxta
1105 3365 1237 3448 uicum
1256 3361 1461 3467 ssjinskojo
1484 3363 1568 3448 siue
1586 3363 1773 3450 Parutino
1790 3366 1835 3450 in
1853 3351 1995 3452 dextra
2012 3367 2185 3474 Hypanis
2207 3369 2296 3473 ripa

1003 3525 1110 3610 inter
1129 3525 1271 3631 oppida
1287 3525 1489 3629 Nicolop'eu
1507 3524 1548 3608 et
1565 3524 1745 3610 Oczukou
1762 3526 1910 3631 situm).

1219 3759 1458 3835 ounssls
1490 3689 1686 3836 ΡΒΙΜΑ..

1377 3953 1534 4038 ltccrcta.

1203 4174 1234 4225 a.
1259 4157 1389 4226 11555515
1406 4159 1533 4226 senatum
1552 4161 1584 4226 el
1602 4161 1707 4243 populi.

534 4421 540 4438 ,
667 4337 706 4427 8.
736 4347 884 4419 «Tabula
911 4367 1101 4420 marmorea
1128 4349 1326 4441 inscripta».
1356 4349 1492 4422 Primus
1514 4349 1623 4424 edidit
1644 4350 1687 4424 N.
1712 4351 1996 4426 Mursalrevicz
2020 4360 2087 4428 act.
2109 4375 2178 4428 soc.
2199 4353 2348 4429 Odessit.

562 4494 594 4545 v.
615 4473 651 4544 II
669 4494 704 4563 p.
727 4477 748 4544 2
768 4473 899 4564 (1850)
918 4493 996 4564 pag.
1018 4476 1106 4565 404,
1136 4475 1245 4546 alieno
1264 4475 1462 4566 apographo
1485 4496 1577 4547 usus.
1606 4473 1728 4547 Oomes
1747 4479 1788 4550 A.
1811 4475 2020 4569 Ouvarofl,
2049 4479 2268 4556 Recherches
2290 4501 2350 4552 sur

561 4599 612 4670 les
631 4598 818 4689 antiquites
836 4598 879 4670 de
899 4597 932 4670 la
951 4597 1073 4670 Russie
1092 4600 1311 4671 meridionale
1323 4598 1347 4690 ¹)
1365 4599 1488 4691 (Paris.
1510 4601 1634 4692 1855),
1654 4600 1726 4672 tab.
1742 4600 1861 4673 XXIV
1880 4593 1915 4672 5ο
1937 4607 1957 4675 3
1977 4602 2100 4694 lapidis
2118 4604 2246 4695 integri
2263 4605 2347 4675 ima·

561 4723 675 4812 515551
694 4721 801 4813 dedit,
820 4720 863 4794 ad
882 4743 983 4813 quam
1001 4723 1200 4795 minusculis
1218 4723 1344 4796 litteris
1363 4725 1502 4796 titulum
1524 4726 1692 4814 expressit
1710 4725 1749 4798 L.
1770 4725 1964 4816 Stephani
1981 4728 2017 4798 in
2036 4725 2349 4818 epicrisiUvarovii

562 4845 655 4938 libri,
675 4847 826 4918 Bulletin
846 4846 1062 4936 bist-philol.
1083 4848 1126 4919 de
1145 4846 1342 4920 l’acaddmie
1360 4848 1420 4920 des
1439 4849 1591 4923 scieuccs
1610 4850 1652 4922 de
1672 4847 1722 4924 St.
1737 4849 1976 4942 Petersbourg
1994 4873 2026 4924 v.
2046 4849 2079 4924 X
2096 4873 2131 4944 p.
2152 4855 2200 4926 28
2213 4883 2260 4916 =
2273 4853 2349 4926 Me-

562 4969 679 5060 langes
697 4972 971 5061 greco-romulus
989 4993 1021 5043 v.
1043 4970 1060 5041 Ι
1079 4992 1111 5062 p.
1134 4974 1221 5044 210.

668 5092 774 5186 Lapis
793 5095 827 5166 in
847 5094 968 5168 Olbiae
985 5096 1165 5186 parietinis
1184 5116 1213 5169 a.
1239 5099 1336 5172 1847
1357 5105 1517 5190 repertus
1535 5106 1599 5174 est.
1628 5100 1828 5191 Petropolin
1849 5120 1926 5173 eum
1945 5101 2151 5175 translatum
2178 5102 2293 5194 ibique
2315 5103 2350 5174 in

562 5218 703 5291 aedibus
721 5219 856 5292 comitis
874 5218 1335 5316 Kuscbelevi-Besborodlro,
1354 5223 1413 5315 qui
1433 5224 1553 5297 Olbiae
1571 5225 1679 5297 solum
1698 5226 1903 5319 possidebat,
1931 5232 2104 5299 servotum
2123 5247 2198 5299 esse
2215 5225 2348 5300 Uvaro·

563 5346 638 5417 vius
656 5350 692 5416 51
711 5343 918 5436 stephanius
945 5350 1133 5436 testantur3
1161 5345 1262 5419 bodie
1285 5347 1345 5420 ubi
1368 5348 1423 5440 sit,
1452 5330 1607 5440 equidem
1635 5371 1701 5422 non
1720 5352 1811 5425 noui.
1839 5349 2005 5424 Uvarovii
2031 5352 2296 5424 delineationem
2314 5353 2348 5425 in

563 5469 633 5542 tab.
656 5473 677 5541 2
697 5469 918 5561 repetendam
937 5471 1064 5542 curaui.

620 5871 645 5940 1)
666 5871 741 5925 Idem
763 5871 835 5926 liber
857 5870 952 5940 lingua
973 5871 1089 5928 Rusaica
1110 5873 1280 5942 conscriptus
1298 5873 1436 5943 Petropoli
1473 5873 1573 5928 Pocciu
1591 5874 1769 5943 1565555555
1790 5865 2019 5944 ῑ1555555555.
2042 5877 2141 5946 Ppaoa
2158 5876 2192 5934 A.
2207 5878 2348 5948 Yaapoaa.

565 5958 668 6030 prodiit
689 5976 713 6015 5.
735 5962 815 6015 18511
838 5961 1053 6025 1155155555515
1076 5965 1308 6032 orpennoc'rnxs
1331 5965 1437 6020 marnoli
1473 5964 1618 6034 Bsruycnu
1634 5964 1687 6018 l-ll.
