5532 7510
420 1027 564 1156 raras.
888 1079 890 1084 ’
1050 1077 1052 1082 ’
1169 1083 1356 1156 Dnonnrn.
2086 1085 2154 1158 181
2248 1105 2251 1112 ’

364 1295 468 1367 sitnm
486 1293 590 1368 inisse
608 1300 788 1387 postquam
807 1295 1059 1370 Chersonesum
1078 1297 1226 1370 venisset
1244 1297 1473 1388 Diophantus.
1504 1297 1635 1396 Contra
1651 1298 1947 1374 Buratschkovius
1965 1320 2042 1372 cum
2063 1301 2159 1391 oppi-

365 1420 447 1492 dum
460 1419 684 1511 aDiophanto
701 1421 874 1494 conffitum
892 1422 939 1512 (v.
956 1423 1028 1514 10),
1049 1421 1304 1518 cniEopatorio
1324 1442 1445 1495 nomen
1467 1405 1573 1496 fnisse
1592 1429 1714 1498 auctor
1731 1430 1785 1498 est
1800 1422 1927 1498 Strabo
1945 1422 1991 1516 (V
1993 1424 2040 1513 Il,
2058 1429 2092 1517 4,
2110 1427 2159 1517 7),

364 1531 759 1637 eregioneEnpatoriae
772 1545 957 1620 hodiernae
973 1545 1080 1620 fnisse
1098 1567 1300 1639 persuasum
1314 1548 1381 1620 sihi
1398 1548 1534 1640 haheat,
1549 1548 1785 1640 Diophantnm
1796 1548 2010 1622 Chersoneso
2029 1551 2064 1621 in
2082 1569 2160 1620 cum

299 1757 301 1762 ¹
364 1671 477 1743 locum
504 1675 757 1762 transgressum
776 1692 850 1744 esse
872 1677 987 1763 putat.
1015 1672 1067 1745 De
1087 1672 1243 1745 locorum
1262 1673 1343 1781 situ,
1372 1674 1431 1764 qni
1449 1674 1485 1745 in
1502 1673 1605 1748 titulo
1623 1680 1869 1768 memorantur,
1898 1675 2075 1766 disputare
2094 1695 2161 1748 non

364 1796 466 1869 huius
481 1803 532 1870 est
547 1797 624 1888 loci,
640 1798 844 1887 praesertim
863 1818 941 1869 cum
957 1775 1209 1871 multuminter
1227 1819 1264 1872 se
1282 1799 1486 1872 dissentiant
1499 1799 1565 1870 viri
1583 1799 1676 1872 illins
1693 1799 1844 1889 regionis
1862 1800 1976 1891 gnari3
1996 1820 2063 1871 non
2081 1820 2161 1892 pos·
2279 1881 2280 1885 γ

362 1941 438 1992 sum
457 1927 570 1995 tamen
589 1921 671 2014 qnin
689 1942 845 1994 moneam
863 1921 1130 1996 Buratschlrouii
1159 1921 1355 2017 opinionem
1384 1919 1461 1996 c'um
1484 1934 1544 1996 τοῦ
1564 1921 1666 2022 πέραν
1685 1925 1824 1997 notione
1843 1944 2014 2015 pugnare:
2044 1924 2161 2014 Eupa-

360 2045 452 2117 toria
471 2047 561 2118 enim
579 2067 648 2119 non
667 2047 717 2120 ita
736 2047 891 2138 opposita
910 2053 964 2120 est
983 2046 1210 2140 Chersoneso,
1229 2054 1269 2120 ut
1287 2051 1321 2119 ὲν
1340 2055 1390 2143 τῷ
1409 2047 1512 2148 πέραν
1533 2069 1608 2121 esse
1628 2049 1695 2121 dici
1714 2051 1834 2140 possit,
1859 2050 2063 2140 praesertim
2082 2069 2159 2121 cum

361 2190 465 2244 naves
488 2191 575 2262 quse
592 2170 816 2260 Eupatoriam
837 2171 1049 2245 Chersoneso
1068 2175 1138 2244 iter
1156 2172 1282 2246 faciant
1300 2174 1336 2244 in
1354 2174 1463 2245 altum
1481 2193 1548 2245 non
1568 2174 1803 2265 egrediantur,
1833 2173 1893 2246 sed
1917 2175 2001 2246 litus
2030 2155 2180 2264 legant.v
2281 2191 2283 2196 ·
2342 2237 2345 2244 ,

363 2294 503 2380 Rectius
531 2296 637 2387 igitur
664 2297 800 2370 ridetur
826 2317 900 2370 rem
928 2297 1135 2387 explicuisse
1153 2297 1345 2371 Foncartus
1364 2300 1479 2390 (quem
1498 2300 1653 2390 sequitur
1672 2297 1747 2390 D.):
1777 2299 1829 2371 «ll
1848 2300 1952 2390 s’agit
1970 2300 2012 2372 de
2031 2298 2066 2371 la
2083 2299 2161 2370 baie

286 2453 290 2460 ·
363 2419 405 2491 de
423 2420 639 2511 Sthastopol.
668 2418 902 2494 Chersonesos
921 2423 1017 2494 etant
1043 2443 1103 2499 sur
1126 2424 1160 2495 la
1178 2425 1256 2496 cote
1275 2424 1508 2513 meridionale,
1537 2425 1562 2495 il
1580 2445 1681 2515 passa
1699 2445 1759 2496 sur
1778 2423 1812 2495 la
1830 2425 1906 2496 cote
1925 2423 2033 2497 Nord.
2063 2423 2159 2496 L’in·
2305 2493 2307 2498 ,

361 2543 524 2637 scriptioni
542 2545 677 2636 appelle
695 2551 786 2620 cette
804 2567 1011 2619 manoeunre
1030 2568 1076 2619 nn
1096 2554 1172 2620 acte
1192 2549 1234 2620 de
1253 2569 1411 2640 conrage,
1432 2538 1612 2646 ἐπάνδρως.
1643 2549 1696 2620 De
1714 2549 1840 2622 l’autre
1858 2551 1936 2621 cote
1955 2550 1997 2620 de
2015 2548 2050 2620 la
2066 2548 2158 2638 haie,

362 2690 403 2743 en
424 2669 516 2762 effet,
534 2671 749 2762 Diophantos
768 2673 853 2744 etait
872 2691 915 2743 en
934 2692 1018 2763 pays
1036 2673 1170 2744 ennemi
1190 2679 1226 2744 et
1245 2674 1371 2763 exposa
1390 2675 1411 2746 a
1429 2693 1494 2744 une
1513 2678 1652 2764 attaqus
1671 2673 1796 2745 subite.
1818 2672 1914 2746 C’est
1932 2653 2024 2745 aussi
2043 2692 2082 2744 ce
2099 2671 2159 2762 qui

361 2799 421 2867 eut
437 2795 529 2869 lieno
548 2803 616 2870 etc.
644 2797 691 2888 (p.
714 2798 788 2887 79).
813 2839 857 2849 -
881 2795 922 2868 V.
946 2800 967 2869 7
979 2819 1041 2887 sq.
1071 2798 1235 2871 Palacnm
1264 2797 1472 2890 Scytharum
1501 2817 1617 2890 regem
1646 2819 1750 2870 unum
1770 2819 1789 2869 e
1809 2799 2059 2889 quinquaginta
2086 2796 2158 2868 sive

360 2921 536 3011 octoginta
552 2919 679 2994 Scilnri
706 2921 786 2993 liliis
812 2921 918 2994 fuisse
945 2922 1052 2994 tradit
1071 2921 1195 2994 Strabo
1214 2922 1295 3014 VII,
1317 2927 1352 3016 4,
1375 2927 1409 2994 3.
1439 2921 1503 3010 Qui
1524 2943 1601 2994 cum
1621 2943 1681 2992 ren
1703 2923 1738 2993 in
1761 2923 1865 2995 titulo
1885 2924 1932 2994 sit
1949 2923 2156 3009 nominatus,

362 3039 534 3117 Sciluru'm
561 3045 630 3117 ianr
657 3050 731 3116 tum
759 3052 933 3118 mortuum
961 3044 1067 3119 fuisse
1094 3051 1153 3142 aut
1181 3053 1276 3140 certe
1304 3046 1413 3150 lilium
1439 3067 1547 3140 regno
1574 3047 1758 3120 associasse
1777 3068 1839 3120 sno
1866 3047 1943 3119 iure
1962 3041 2159 3118 statuerunt

360 3167 383 3241 J
386 3191 462 3260 urg.
483 3175 519 3242 et
535 3169 577 3242 F.
605 3170 820 3247 Dcuictoria
839 3192 860 3241 a
878 3171 1076 3262 Diophanto
1096 3171 1138 3244 de
1158 3171 1298 3264 Scythis
1318 3178 1496 3263 reportata
1513 3147 1600 3245 Inst.
1621 3168 1803 3262 XXXVII,
1826 3175 1846 3244 3
1867 3172 2016 3244 conferri
2040 3171 2159 3243 iubent

360 3294 521 3368 editores.
540 3335 587 3346 -
605 3293 649 3366 V.
674 3299 716 3366 11
739 3293 869 3377 πολλάς
888 3300 944 3365 καὶ
963 3293 1119 3393 μεγάλας
1138 3291 1267 3395 πράξεις
1285 3297 1329 3369 ad
1347 3298 1447 3388 regni
1466 3296 1662 3388 Bosporani
1682 3298 1941 3387 occupationem
1960 3294 2158 3367 referendas

360 3424 446 3517 puto
466 3421 555 3492 conl.
582 3419 697 3495 Strab.
718 3418 799 3510 VH,
820 3424 857 3510 4,
878 3423 918 3492 3:
947 3421 1020 3518 ἅμα
1048 3409 1083 3490 δέ
1111 3420 1249 3504 τούτους
1273 3445 1310 3493 τε
1330 3420 1393 3514 [sc.
1413 3425 1489 3505 τοὺς
1513 3420 1659 3514 Σκύθας]
1679 3419 1882 3520 ἐχειρώσατο
1904 3415 1959 3520 βίᾳ
1976 3408 2157 3517 [Μιθραδά-

360 3569 431 3638 της,
453 3566 502 3619 sc.
524 3535 576 3617 διὰ
594 3543 794 3644 Διοφάντου]
815 3549 870 3616 καί
889 3544 1060 3643 Βοσπόρου
1080 3543 1228 3631 κατέστη
1251 3545 1359 3644 κύριος
1379 3543 1457 3643 παρ’
1475 3546 1607 3629 ἑκόντος
1626 3539 1744 3640 λαβὼν
1764 3535 1966 3644 Παιρισάδου
1984 3554 2044 3615 τοῦ
2063 3540 2154 3614 κατέ·
2203 3545 2204 3550 ’

359 3661 490 3769 χοντος.
520 3672 633 3744 Antea
651 3671 741 3742 enim
769 3689 879 3760 neque
898 3667 1140 3742 Mithridatem
1169 3691 1278 3760 neque
1296 3670 1530 3762 Diophantnm
1548 3672 1584 3742 in
1603 3670 1754 3743 Tauride
1769 3668 1882 3767 ¹luisse
1901 3692 1921 3741 e
1938 3670 2032 3741 tituli
2060 3669 2157 3740 initio

360 3802 514 3887 apparet,
534 3801 653 3887 postea
670 3816 751 3868 vero
770 3794 991 3886 Diophantus
1009 3795 1044 3866 in
1063 3815 1208 3886 regnum
1226 3796 1462 3886 Bosporannm
1481 3797 1576 3867 venit
1594 3795 1779 3868 Pserisade
1799 3796 1865 3867 iam
1884 3801 1959 3866 tnm
1978 3795 2090 3866 occiso
2109 3797 2155 3884 (v.

361 3923 408 3992 32
425 3921 502 4012 su).
522 3921 631 3994 Recte
649 3926 765 3992 antem
783 3921 919 3993 monuit
937 3921 979 3993 F.
998 3940 1054 3992 res
1073 3918 1122 3991 ihi
1139 3925 1255 4012 gestas
1274 3921 1352 3992 idco
1370 3920 1571 3993 brevissime
1590 3921 1626 3990 in
1644 3921 1748 3992 titnlo
1768 3924 1984 4010 memoratas,
2005 3917 2095 4008 qnod
2114 3917 2157 3988 ad
2254 3931 2257 3936 ’

361 4035 613 4119 Chersonesum
643 4048 758 4118 minus
785 4045 1043 4136 pertinuissent.
1067 4087 1111 4098 —
1135 4044 1179 4117 V.
1204 4049 1262 4118 13.
1283 4045 1489 4137 Scytharum
1509 4045 1650 4117 castella
1667 4045 1726 4116 uhi
1748 4043 1878 4128 fuerint
1900 4045 1977 4132 sita,
2007 4043 2156 4115 nondum
2305 4069 2307 4074 ’

359 4177 454 4244 certo
472 4154 632 4261 constat}
650 4179 803 4244 ceterum
821 4171 991 4263 Neapolin
1019 4191 1126 4262 prope
1144 4170 1429 4262 Sympheropolin
1455 4170 1657 4244 hodiernam
1680 4168 1785 4242 luisse
1803 4168 1985 4249 admodum
2004 4174 2058 4239 est
2076 4162 2155 4257 pross

116 4309 120 4319 '
237 4398 241 4403 ῃ
358 4295 489 4388 hahile3
519 4318 587 4389 qna
614 4296 656 4369 de
682 4317 721 4368 re
749 4294 840 4369 inira
867 4296 1019 4368 dicemus
1037 4296 1080 4368 ad
1098 4297 1220 4388 titulos
1240 4297 1289 4368 eis
1306 4297 1388 4369 locis
1417 4302 1583 4387 repertos.
1613 4295 1773 4368 Alterum
1803 4294 1983 4366 castellum
2011 4293 2153 4384 propius

359 4421 575 4496 Chersoneso
594 4423 701 4496 situm
718 4415 834 4518 Χάβον
853 4421 1007 4494 nominat
1025 4419 1152 4494 Strabo
1169 4422 1205 4514 (l.
1227 4421 1281 4513 l.):
1311 4421 1499 4494 incolarum
1511 4419 1642 4493 ‘nomen
1665 4440 1727 4510 pro
1746 4420 1881 4490 nomine
1900 4418 2034 4491 castelli
2052 4438 2152 4489 usur-

356 4551 475 4637 patum
487 4567 562 4619 csse
579 4547 616 4619 in
633 4547 736 4619 titulo
750 4545 1043 4638 viditJnrgevicn.
1057 4585 1104 4598 -
1118 4545 1161 4618 V.
1176 4549 1236 4618 21.
1258 4545 1300 4618 de
1310 4542 1517 4641 Cercinitide
1535 4546 1676 4636 aliisque
1691 4544 1839 4618 castellis
1857 4542 1901 4616 cf.
1922 4563 2010 4634 qnae
2028 4543 2154 4614 docent

301 4701 311 4727 ·
357 4668 457 4765 Jnrg.
478 4677 514 4744 ct
530 4671 616 4744 Bur.
637 4711 688 4726 -
706 4670 752 4742 V.
775 4673 836 4744 24.
857 4670 900 4743 de
919 4672 984 4744 dea
996 4670 1144 4762 Virgine
1163 4668 1278 4742 Strah.
1300 4669 1380 4760 VII,
1401 4674 1437 4762 4,
1460 4675 1480 4741 2
1499 4669 1739 4763 (Steph.'Byz.
1760 4691 1787 4741 s.
1810 4691 1842 4741 v.
1860 4666 2036 4766 Παρθένου
2056 4667 2153 4765 ἱερόν)

358 4795 507 4869 conferri
534 4797 655 4869 iubent
676 4795 753 4868 edd.
784 4795 897 4868 Huius
919 4816 1018 4867 aram
1036 4795 1071 4865 in
1091 4793 1295 4868 Chersonesi
1314 4813 1395 4866 arce
1419 4795 1554 4868 stetisse
1582 4793 1824 4884 celebrataque
1842 4789 1949 4864 luisse
1967 4789 2152 4888 Παρθένεια

358 4931 435 4993 cum
452 4942 576 5013 pompa
593 4923 639 5015 (ν.
661 4926 710 4996 49
732 4924 768 4994 et
788 4922 851 5012 52)
868 4920 1019 5010 primum
1038 4939 1081 4992 ax
1099 4920 1164 4992 hoc
1184 4919 1284 4992 titulo
1302 4919 1535 5010 cognovimus.
1553 4917 1659 4990 -V.
1682 4922 1743 4990 26.
1764 4917 1944 4988 decadem
1963 4913 2152 5004 Diophanti
2243 4981 2245 4988 .

356 5047 501 5121 viatoria
518 5047 604 5120 haec
620 5023 730 5119 tradit
748 5045 874 5119 Strabo
893 5045 974 5134 VH,
998 5049 1032 5135 3,
1057 5047 1116 5116 17:
1136 5050 1180 5117 Oi
1199 5033 1235 5114 δὲ
1252 5037 1450 5127 Ῥωξολανοί
1469 5046 1623 5141 καὶπρὸς
1646 5046 1723 5124 τοὺς
1741 5037 1943 5138 Μιθριδάτου
1962 5050 2021 5110 τοῦ
2039 5035 2150 5109 Εὐπά-

355 5193 450 5268 τορος
478 5174 689 5269 στρατηγοὺς
717 5166 902 5266 ἐπολέμουν
931 5173 1064 5268 ἔχοντες
1091 5168 1245 5267 ἡγεμόνα
1273 5167 1406 5260 Τάσιον·
1438 5165 1521 5260 ἠκον
1549 5156 1584 5236 δὲ
1612 5163 1765 5262 Παλάκῳ
1793 5157 2079 5262 συμμαχησοντες
2102 5169 2151 5256 τῷ

355 5292 546 5394 Σκιλοὺρου,
566 5299 622 5367 καί
641 5285 774 5366 ἐδόκουν
794 5298 855 5393 μὲν
875 5289 954 5366 εἶναι
973 5291 1125 5394 μάχιμοι,
1153 5297 1232 5392 πρὸς
1253 5292 1364 5391 μέντοι
1383 5289 1655 5390 συντεταγμένην
1675 5286 1841 5389 φάλαγγα
1860 5293 1914 5359 καὶ
1934 5283 2149 5385 ὡπλισμένην

356 5414 470 5498 καλῶς
488 5421 527 5488 τό
546 5411 712 5516 βάρβάρον
731 5414 835 5517 φῦλον
853 5417 991 5500 ἀσθενὲς
1010 5427 1077 5488 πᾶν
1097 5419 1166 5489 ἐστι
1185 5420 1299 5489 καὶτὸ
1318 5415 1533 5514 γυμνητικόν.
1554 5417 1667 5486 ἐκεῖνοι
1682 5427 1763 5511 γοῦν
1787 5417 1858 5511 περὶ
1872 5411 1970 5484 πέντε
1989 5408 2150 5510 μυριάδας

356 5543 435 5639 πρός
455 5535 693 5642 ἑξακισχιλίους
711 5547 788 5624 τοὺς
806 5529 990 5641 Διοφάντῳ,
1010 5549 1059 5636 τῷ
1077 5553 1138 5613 τοῦ
1151 5530 1352 5640 Μιθριδάτου
1372 5545 1566 5638 στρατηγῷ,
1587 5531 1956 5637 συμπαραταξαμένους
1977 5537 2036 5606 αὐκ
2055 5533 2146 5606 ἀντέ-

356 5653 453 5766 σχον,
473 5663 550 5738 άλλ’
569 5674 598 5738 οἱ
617 5664 766 5740 πλεῖστοι
784 5656 1018 5767 διεφθάρησαν.
1040 5708 1091 5718 -
1113 5666 1155 5739 V.
1178 5671 1238 5739 34.
1259 5665 1438 5765 Σαόμακος
1458 5662 1587 5754 Scytha
1605 5665 1755 5754 alioquin
1778 5664 1931 5754 ignotus3
1961 5682 2003 5732 ex
2023 5659 2150 5732 Scilnri

355 5793 519 5884 progenie
537 5811 614 5864 eum
631 5791 739 5866 fuisse
758 5794 883 5866 conicit
899 5792 1001 5883 Jnrg.
1022 5792 1133 5865 «Lors
1151 5791 1193 5864 de
1211 5792 1245 5864 la
1262 5811 1387 5883 guerre
1407 5791 1449 5862 de
1467 5788 1667 5862 Mithridate
1687 5795 1805 5861 contre
1816 5787 1993 5876 Lucullus,
2005 5784 2148 5874 appion
2194 5863 2196 5866 .

356 5917 492 6012 [Mithr.
514 5917 580 6010 79]
597 5914 696 6008 parle
714 5918 797 5991 d’nn
817 5918 946 6010 Scytha
973 5919 1109 5991 nomme
1137 5907 1341 6014 Σοβάδακος,
1371 5917 1430 6008 qni
1457 5912 1512 5986 fut
1539 5914 1690 5987 denonce
1713 5933 1757 5985 an
1786 5913 1838 5984 roi
1861 5931 1991 5983 comme
2011 5909 2149 5980 roulant

356 6041 499 6115 s’enfuir
518 6043 602 6114 dans
621 6042 654 6114 le
672 6037 771 6133 camp
789 6043 849 6116 des
867 6042 1043 6116 Romains
1070 6043 1100 6114 ll
1120 6048 1172 6114 est
1189 6041 1337 6134 possible
1355 6061 1422 6132 qrre
1441 6041 1473 6110 le
1492 6060 1570 6110 nom
1589 6039 1631 6110 de
1650 6027 1841 6134 Σοβάδακος
1870 6037 1938 6107 soit
1967 6055 2033 6105 nnc
2061 6033 2146 6104 alte·
