5530 7512
386 1082 421 1156 lli
444 1089 659 1156 125-126.
943 1105 945 1108 ·
1034 1081 1442 1154 Truunrsnruncnnnns.
1957 1109 1960 1118 ·
2058 1088 2128 1157 153
2188 1165 2190 1170 ,

440 1288 527 1377 125.
548 1296 689 1388 Lapidis
703 1296 967 1385 descriptionem
982 1317 1015 1366 v.
1031 1294 1075 1366 ad
1090 1284 1125 1364 n⁰
1139 1296 1223 1366 116.
1245 1292 1397 1366 Titulum
1410 1295 1637 1386 antiquiorem
1653 1297 1743 1367 inter
1757 1303 1977 1368 monumenta
1989 1298 2131 1387 proprie

333 1422 541 1513 sepulcralia
559 1429 716 1512 repetere
735 1421 877 1511 placuit.

1040 1513 1292 1622 [Ῥαδ]αμψῶ[ν
1312 1528 1358 1594 υἱὲ

1039 1659 1099 1720 τοῦ
1119 1639 1251 1741 δεῖνος,]
1270 1647 1408 1747 χαῖρ[ε].

1075 1875 1390 1886 ιιι-...-

439 2015 529 2103 126.
557 2024 687 2096 Tabula
714 2023 894 2095 marmoris
920 2021 1120 2112 leucophaei
1148 2022 1220 2092 sine
1248 2021 1320 2092 ullo
1342 2028 1553 2111 ornamento,
1583 2041 1730 2111 superne
1754 2021 1879 2112 fracta,
1909 2044 1940 2094 a.
1962 2025 2052 2112 0,34
2072 2047 2131 2117 ιιι,

332 2152 355 2222 l.
377 2153 505 2240 0‚435‚
528 2170 576 2220 cr.
598 2153 699 2239 0,11.
720 2148 918 2238 Inscriptio,
938 2147 1036 2218 cuiue
1055 2146 1190 2220 initium
1209 2145 1323 2235 lapide
1341 2144 1452 2216 fracto
1470 2145 1588 2235 periit,
1609 2147 1700 2216 inter
1718 2147 1825 2218 lineas
1843 2155 1984 2218 exarata
2003 2155 2056 2220 est
2073 2149 2131 2220 lit-

334 2268 418 2346 teris
438 2277 526 2365 0,02
549 2274 639 2364 altis,
659 2293 747 2363 quac
765 2273 877 2345 adhuc
895 2272 1023 2362 optime
1042 2270 1217 2360 leguntur.

437 2397 616 2486 Exscripsi
636 2396 788 2469 Odessae
807 2397 843 2466 in
862 2416 980 2467 museo
1000 2395 1184 2465 societatis.
1206 2391 1498 2484 Olbiopolitanum
1517 2413 1592 2468 esse
1610 2393 1759 2483 lapidem
1778 2397 1916 2486 scripsit
1934 2393 1957 2467 J
1960 2397 2130 2486 ungarica.

614 2568 1267 2806 'rorrrusraennun'
1394 2579 1561 2681 quassa
1583 2646 1722 2662 .......
1726 2589 1754 2684 ]-

641 2719 762 2790 ΤΟΥ
874 2716 1047 2785 ΧΑΙΡΕ
1393 2711 1573 2826 compuri]
1593 2705 1758 2786 δὲΔωνά-

1393 2850 1592 2938 του,χαῒρε.

438 3003 493 3076 De
511 3003 606 3074 tituli
625 3008 740 3074 aetate
756 3002 844 3073 certi
864 2999 992 3090 aliquid
1013 2996 1166 3088 prolerre
1181 2997 1363 3068 admodum
1382 3005 1436 3070 est
1455 2997 1609 3081 difficile:
1629 3002 1858 3089 recentiorem
1877 3008 1991 3073 tamen
2004 2999 2135 3074 Christi

335 3126 509 3202 natalibus
529 3148 607 3238 enm
627 3127 718 3198 haud
737 3125 893 3198 dixerim.

1077 3259 1395 3272 *—

436 3425 478 3488 N
480 3425 566 3479 ota.
590 3423 667 3477 Inter
685 3419 791 3491 lapidee
810 3419 965 3487 inscriptos,
980 3417 1026 3486 qni
1043 3417 1163 3472 Odessae
1178 3419 1206 3471 in
1220 3433 1313 3472 museo
1332 3417 1472 3474 societatis
1486 3418 1550 3474 bist.
1566 3423 1594 3472 et
1607 3419 1682 3474 areb.
1697 3424 1850 3490 servantur,
1868 3423 1911 3475 est
1929 3425 2132 3476 monumentum

332 3511 484 3580 sepulcrale
494 3510 636 3565 Potamoni
645 3507 798 3563 Alexandri
811 3507 830 3562 f.
842 3506 998 3577 aDionysio
1012 3507 1099 3562 fratre
1113 3507 1240 3578 positum,
1255 3507 1326 3575 quod
1336 3507 1572 3568 Mursalrericaiua
1586 3509 1691 3578 primus
1704 3514 1756 3564 act.
1771 3525 1825 3563 soc.
1837 3507 1931 3564 Odess.
1947 3527 1971 3564 v.
1986 3511 1999 3562 l
2012 3511 2046 3579 (a.
2058 3501 2137 3568 1844)

332 3618 357 3670 p.
369 3603 421 3654 284
431 3599 526 3668 edidit,
541 3601 569 3652 in
579 3597 676 3654 Olbiae
691 3596 832 3666 parietinis
848 3613 871 3652 a.
887 3599 956 3651 1828
971 3597 1028 3651 sive
1045 3599 1114 3651 1829
1127 3603 1267 3666 repertum
1281 3598 1309 3651 id
1324 3612 1384 3652 esse
1398 3597 1546 3652 adfirmans
1560 3597 1603 3666 (cf.
1618 3597 1684 3652 ibid.
1699 3597 1962 3666 poeniteutiam
1976 3614 2134 3654 monumen·

333 3698 390 3744 tum
404 3690 432 3744 in
447 3690 476 3746 C.
492 3691 513 3747 l.
528 3690 575 3744 Gr.
590 3705 615 3745 ι.
626 3689 663 3742 IV
679 3685 710 3740 n⁰
721 3689 790 3742 6978
805 3686 897 3742 inveni
912 3687 985 3741 inter
998 3686 1095 3742 titulos
1108 3686 1230 3740 locorum
1246 3687 1414 3741 incertorum
1428 3685 1532 3742 editum
1546 3685 1580 3740 ad
1594 3684 1675 3740 fidem
1690 3685 1884 3742 delineationis
1897 3703 1914 3742 a
1928 3686 2136 3756 Blarambergio

335 3786 472 3848 acceptas,
492 3779 539 3847 qni
558 3777 676 3847 lapidem
692 3776 929 3845 Constantinopoli
949 3776 1002 3830 sibi
1020 3777 1132 3830 missum
1151 3791 1211 3830 esse
1231 3776 1380 3844 scripserat
1397 3776 1439 3846 (de
1458 3775 1596 3844 lapidibus
1615 3775 1850 3846 Constantinopoli
1867 3776 1996 3832 Odeasam
2015 3776 2136 3832 advectis

334 3867 368 3922 cl.
384 3869 466 3922 ctiam
480 3867 600 3923 Journal
613 3865 745 3920 d’Odessa
762 3882 786 3920 a.
804 3869 873 3920 1826
893 3865 923 3919 n⁰
941 3867 991 3935 19).
1016 3865 1136 3932 Cumque
1152 3865 1398 3936 Blarambergium,
1416 3881 1451 3919 ex
1470 3865 1548 3920 cuins
1566 3864 1727 3920 collectione
1746 3851 1815 3934 lapis
1834 3880 1927 3920 museo
1942 3866 2080 3920 societatis
2095 3866 2136 3919 in-

332 3955 404 4010 latua
418 3960 468 4022 est,
486 3955 571 4010 multo
585 3954 683 4008 melius
698 3954 813 4008 scivisse
827 3959 929 4022 putem,
949 3952 1020 4009 unde
1039 3953 1111 4008 idem
1124 3954 1307 4025 provenisset,
1321 3955 1351 4007 in
1365 3955 1436 4008 hanc
1450 3952 1576 4022 syllogen
1589 3953 1744 4008 Potamonis
1758 3955 1870 4008 titulum
1884 3971 1936 4008 non
1951 3954 2138 4024 recipiendum

332 4042 406 4101 duxi.
430 4043 507 4110 Quod
521 4045 564 4098 bic
579 4043 689 4114 adnoto,
707 4059 741 4097 ne
761 4043 824 4110 quis
839 4059 899 4098 enm
913 4059 929 4098 a
943 4058 987 4096 me
1000 4047 1114 4112 propter
1131 4042 1333 4112 neglegentiam
1351 4042 1480 4098 omissum
1498 4057 1559 4097 esse
1578 4047 1664 4111 putet.
1689 4042 1850 4112 Cyzicenum
1869 4059 1930 4098 essa
1949 4044 2068 4112 lapidem
2088 4045 2136 4098 ad-

331 4121 638 4201 modumprobabiliter
657 4132 756 4187 statuit
775 4133 836 4188 Car.
850 4131 959 4188 Keilius
980 4130 1083 4186 Philol.
1098 4132 1164 4186 XVI
1182 4147 1210 4200 p.
1224 4135 1258 4186 22
1278 4137 1391 4201 propter
1409 4130 1523 4186 formam
1542 4128 1604 4186 aliia
1618 4131 1814 4200 Cyzicenorum
1834 4132 1922 4187 titulis
1935 4133 2138 4202 sepulcralibus

334 4220 508 4276 simillimam.

1079 4435 1396 4450 mn

997 4686 1239 4762 CLASSIS
1273 4685 1472 4760 SEXTA.

1170 4857 1291 4943 laria.

435 5049 475 5119 In
493 5048 580 5120 banc
598 5048 745 5119 classem
768 5067 885 5121 omnes
904 5066 962 5117 eos
981 5044 1086 5115 reieci
1109 5024 1248 5133 titulos,
1267 5043 1325 5134 qui
1349 5043 1384 5113 in
1403 5043 1553 5133 quinque
1572 5042 1706 5132 priores
1724 5043 1831 5133 recipi
1849 5063 1918 5114 non
1936 5047 2135 5132 potnerunt.

332 5173 542 5263 Plerumque
569 5193 650 5243 sane
677 5170 871 5263 fragmenta
890 5177 971 5242 sunt
994 5175 1065 5241 tam
1089 5189 1206 5259 parva,
1232 5174 1272 5239 ut
1290 5167 1332 5238 de
1351 5167 1562 5257 singulorum
1582 5169 1794 5257 argumentis
1813 5168 1900 5239 certi
1920 5164 2047 5256 aliquid
2066 5173 2136 5238 sta·

332 5306 430 5368 tuere
449 5315 516 5368 non
536 5297 684 5369 licuerit.
705 5297 875 5386 Recipere
894 5301 1009 5366 tamen
1033 5295 1067 5364 in
1092 5293 1247 5384 syllogen
1267 5293 1321 5363 vel
1339 5292 1568 5363 minutissima
1594 5290 1745 5364 frustula
1771 5292 1848 5364 ideo
1875 5292 2017 5383 placuit,
2046 5300 2138 5381 quod

331 5427 450 5512 postea
472 5422 576 5492 etiam
605 5421 683 5492 alia·
701 5420 889 5492 eorundem
909 5420 1088 5490 titulorum
1115 5417 1308 5508 fragmenta
1325 5424 1468 5508 possunt
1486 5417 1644 5508 reperiri,
1663 5416 1866 5507 quibuscum
1885 5417 1972 5488 haec
1990 5415 2135 5488 fortasse

332 5567 536 5637 componere
552 5545 683 5618 licebit.
705 5546 745 5618 In
764 5544 983 5635 disponendis
1001 5542 1202 5634 fragmentis
1221 5542 1257 5614 id
1272 5543 1340 5632 egi,
1361 5550 1401 5614 ut
1418 5543 1566 5633 primum
1585 5562 1626 5614 ea
1644 5540 1839 5632 fragmenta
1853 5561 2027 5633 ponerem,
2048 5561 2135 5632 quae

332 5671 376 5743 ad
403 5671 543 5742 decreta
570 5672 745 5762 pertinere
772 5670 984 5759 viderentur,
1014 5668 1137 5740 deinde
1162 5668 1249 5739 varii
1272 5669 1467 5757 argumenti
1494 5667 1748 5757 inscriptiones,
1776 5666 1936 5738 ultimum
1953 5666 2065 5738 locum
2085 5667 2136 5737 eis

331 5794 489 5866 frustulis
517 5794 645 5886 darem,
673 5815 760 5885 quae
787 5794 1009 5884 paucissimas
1038 5797 1177 5865 servant
1204 5792 1353 5884 litteras,
1382 5791 1575 5882 exquibus
1603 5791 1689 5862 nibil
1717 5791 1759 5862 de
1787 5798 1991 5880 argumento
2019 5797 2134 5881 potest

332 5919 471 6009 conligi.

1077 6055 1387 6068 ’μ
