5530 7512
628 1053 678 1122 90
1454 1041 1584 1115 Ouum.
2249 1036 2286 1114 lt.
2306 1044 2366 1113 53.

731 1260 785 1332 De
803 1260 918 1350 lapide
938 1257 981 1331 ci.
1001 1278 1090 1349 quae
1110 1258 1152 1328 ad
1173 1247 1209 1326 n⁰
1230 1258 1279 1326 47
1299 1255 1546 1327 adnotavimus.
1567 1255 1860 1344 Repraesentatur
1878 1253 2072 1344 exemplum
2092 1253 2326 1327 Clarkianum.

768 1528 782 1579 1
838 1507 1187 1582 ΑΓΑΘΗΙΤΥΧΗΙ

832 1631 1237 1704 ,ΑΠΟΛΛΩΝΙΠΡΟΣ

838 1754 1313 1830 ΤΑΤΗΙΟΙΠΕΡΙΔΗΜΗ

837 1876 1383 1952 ΤΡΙΟΝΠΡΑΞΙΑΝΑΚΤΟΣ

768 2023 784 2075 5
837 2001 1431 2076 ΣΤΡΑΤΗΓΟΙΑΛΟΥΘΑΤΟΣ

838 2126 1313 2202 ΑΝΤΕΡΩΤΟΣΑΙΛΙΟΣ

840 2252 1336 2326 ΝΑΥΤΕΙΛΛΟΥΑΡΙΣΤΟ

840 2374 1301 2448 ΝΙΚΟΣΔΙΟΝΥΣΙΟΥΟ

842 2498 1162 2572 ΚΑΙΒΑΣΙΛΕΥΣ
1174 2553 1292 2569 ......

1837 1659 1975 1759 Ἀγαθῆι
1993 1661 2104 1762 τύχηι.

1685 1785 1868 1860 Ἀπόλλωνι
1885 1783 2080 1884 Προστάτηι
2108 1793 2137 1856 οἱ
2165 1790 2236 1884 περὶ
2254 1791 2316 1871 Δη-

1635 1908 1775 2011 ριὴτριον
1796 1903 2045 2008 Πραξιάνακτος
2065 1912 2259 2009 στρατηγοί·

1709 2033 1944 2132 Ἀλούθα[γ]ος
1963 2032 2167 2131 Ἀντέρωτος,

1712 2155 1825 2240 Absor
1844 2159 2076 2256 Ναυτεί[μ]ου,

1713 2281 1926 2382 Ἀριστόνικος
1936 2284 2108 2355 Διονυσίου
2122 2289 2139 2354 ὁ
2155 2287 2209 2354 καὶ
2225 2278 2316 2380 βασι-

1632 2779 1799 2866 ἀνέθηκσιν
1818 2783 1940 2869 Νείκην
1969 2782 2119 2880 ἀργυρᾶν
2148 2785 2227 2878 ὑπὲρ
2255 2785 2317 2873 τῆς

1633 2904 1763 2987 πόλεως
1784 2910 1919 2997 καὶτῆς
1939 2912 2066 2978 ἑαυτῶν
2086 2907 2211 3004 ὑγείας.

1684 3028 1824 3111 Λούκιος
1834 3029 2208 3128 Λουκίσυ[ὺπηρὲτησεν
2223 3028 2317 3124 κτλ]

842 2869 1341 2942 ΚΑΝΝΕΙΚΗΝΑΡΓΥΡΑΝ

839 2993 1495 3066 ΥΠΕΡΤΗΣΠΟΛΕΩΣΚΑΙΤΗΣΕ

839 3118 1196 3191 ΑΥΤΩΝΥΓΕΙΑΣ

754 3263 786 3316 15
840 3241 1283 3316 ΛΟΥΚΙΟΣΛΟΥΚΞΟΥ

734 3490 919 3574 «Βασιλεὺς
938 3491 1076 3564 videtur
1094 3488 1308 3564 sacrificulus
1327 3510 1388 3561 rex
1407 3485 1493 3580 esse,
1517 3487 1660 3562 fortusse
1680 3511 1769 3561 nnus
1787 3509 1829 3560 ex
1848 3488 2079 3578 archontibus,
2099 3496 2139 3561 ut
2156 3490 2317 3579 Athenis3
2345 3496 2423 3580 post

629 3614 785 3716 βασιλεὺς
811 3618 916 3708 periit
934 3614 1081 3688 fortasse
1110 3614 1298 3712 γενόμενος,
1326 3613 1379 3686 Ι)ο
1399 3614 1526 3704 duplici
1545 3613 1683 3704 quidem
1707 3615 1845 3686 nomine
1863 3614 1921 3704 (cf.
1943 3615 1986 3686 ad
2004 3635 2037 3686 n.
2060 3618 2161 3686 2090
2183 3614 2296 3708 [nobis
2318 3615 2424 3708 122])

629 3745 685 3815 hic
704 3764 771 3813 non
791 3739 1009 3832 cogitandum
1030 3739 1178 3831 videtur,
1199 3738 1290 3829 quod
1309 3739 1344 3808 in
1363 3739 1428 3810 hac
1447 3745 1542 3810 terro
1560 3738 1750 3829 duplicium
1768 3740 1944 3810 nominum
1963 3740 2051 3811 solet
2069 3741 2218 3812 alterum
2236 3739 2424 3812 barbarum

629 3887 714 3939 esse.
744 3866 828 3938 Post
847 3867 932 3936 haec
951 3865 1052 3935 unius
1081 3869 1214 3934 tuntum
1233 3864 1301 3935 viri
1321 3883 1442 3935 nomen
1462 3863 1616 3954 perierit.
1646 3862 1776 3934 Vocem
1806 3862 2011 3961 ὑπηρέτησεν
2035 3864 2188 3954 supplevi
2206 3885 2249 3934 ex
2266 3885 2301 3935 ιι.
2323 3866 2420 3935 2071

628 3991 741 4085 [nobis
762 3993 823 4079 573
844 3989 887 4064 cf.
902 3993 950 4062 68
963 3988 1088 4081 et69].
1109 3988 1170 4061 Vs,
1193 3991 1213 4060 5
1236 3988 1367 4064 conieci
1385 3985 1633 4086 Ἀλοὺθα[γ]ος;
1653 3987 1913 4061 videIntrod.l'
1925 3987 2117 4061 et'l'fucile
2137 3986 2422 4061 confunduntur».

512 4113 516 4122 ’
627 4114 780 4188 Boeclrh.

735 4238 831 4310 Haec
845 4258 912 4309 non
928 4238 1040 4308 omnia
1053 4243 1148 4308 recte
1163 4238 1338 4328 disputata
1352 4261 1372 4310 a
1386 4241 1460 4310 viro
1475 4239 1711 4310 illustrissimo
1725 4237 1826 4310 facile
1839 4239 1904 4310 tibi
1919 4239 2138 4330 persuadeas.
2159 4239 2315 4310 Primum
2334 4239 2425 4312 enim

628 4487 747 4560 eodem
770 4507 858 4557 anno
886 4486 1031 4556 eundem
1050 4487 1164 4556 virum
1186 4486 1317 4557 duobus
1345 4488 1545 4559 muneribus
1564 4488 1711 4578 (scilicet
1729 4489 1899 4576 praetoris
1918 4492 1953 4558 et
1971 4487 2158 4578 archontis)
2176 4486 2330 4558 iunctum
2349 4509 2422 4559 esse

629 4611 767 4681 minime
786 4615 838 4680 est
855 4608 1042 4700 probabile.
1064 4609 1234 4699 Equidem
1252 4610 1367 4699 potius
1386 4630 1427 4681 eo
1446 4612 1604 4702 inclinor,
1625 4617 1664 4682 ut
1681 4612 1776 4702 regis
1800 4609 1983 4683 sacrificuli
2002 4624 2124 4682 munus
2140 4611 2260 4683 Olbiae
2280 4602 2332 4682 διὰ
2352 4606 2424 4708 βίου

628 4733 735 4806 fnisse
754 4740 873 4823 putem
891 4739 944 4822 (ut
957 4733 1099 4822 Romae,
1120 4740 1154 4804 et
1173 4734 1263 4824 apud
1278 4731 1428 4806 Graecos
1446 4736 1555 4807 multe
1573 4735 1791 4806 sacerdotum
1811 4756 1955 4806 munera
1964 4735 2136 4806 Romanae
2154 4736 2290 4825 aetatis)
2309 4736 2423 4807 illum-

630 4879 708 4951 que,
728 4859 787 4947 qni
801 4857 864 4929 hoc
879 4866 1021 4928 munnere
1036 4856 1249 4947 fungeretur,
1270 4859 1371 4930 simul
1390 4861 1473 4932 alios
1488 4861 1713 4950 magistratus
1728 4881 1858 4931 annuos
1871 4881 1992 4950 gerere
2007 4861 2173 4950 potuisse.
2193 4858 2327 4931 Deinde
2346 4867 2426 4952 post

630 4977 785 5079 βασιλεὺς
813 5003 927 5053 vocem
958 4982 1102 5052 duorum
1130 4992 1340 5076 praetorum,
1374 5006 1440 5055 non
1468 4985 1579 5076 unius,
1612 4985 1749 5055 nomina
1779 4984 1923 5074 periisse
1951 4990 2216 5055 consentaneum
2244 4990 2307 5075 est,
2341 4986 2423 5075 quia

629 5109 766 5179 omuino
794 5109 944 5197 quinque
971 5107 1111 5179 fuerunt
1138 5107 1261 5180 Olbiae
1288 5115 1466 5199 praetores
1494 5114 1635 5200 praetor
1662 5110 1865 5200 principem,
1893 5129 1961 5178 non
1987 5113 2166 5198 quattuor;
2195 5129 2237 5179 ex
2265 5109 2424 5180 omnibus

629 5239 829 5322 praetorum
857 5233 981 5320 titulis
1000 5233 1059 5322 qui
1082 5233 1209 5323 integri
1227 5235 1271 5305 ud
1288 5255 1350 5306 nos
1368 5234 1599 5324 pervenerint,
1628 5254 1733 5305 unum
1752 5236 1886 5304 tantum
1906 5231 2070 5305 habemus
2091 5235 2152 5323 57,
2182 5233 2241 5324 qui
2261 5238 2426 5324 quattuor

629 5356 767 5428 nomina
784 5354 916 5428 referat
934 5362 1074 5446 praeter
1091 5358 1299 5447 principem
1327 5358 1388 5428 sed
1408 5358 1473 5428 hoc
1492 5378 1572 5429 casu
1592 5358 1706 5447 aliquo
1725 5358 1843 5447 potius
1862 5355 1991 5428 factum
2009 5378 2085 5429 esse
2105 5358 2255 5448 videtur,
2280 5356 2425 5430 fortasse

631 5479 708 5552 ideo
735 5481 827 5571 quod
855 5482 995 5571 quintus
1023 5489 1181 5552 mortuus
1209 5489 1296 5570 erat,
1325 5487 1508 5572 antequam
1527 5483 1734 5572 magistratu
1753 5499 1789 5551 se
1808 5480 1997 5553 abdicaret.
2028 5481 2076 5552 Et
2094 5481 2123 5552 si
2143 5479 2322 5578 γενόμενος
2341 5483 2425 5555 illud

629 5604 894 5694 Boeckhiauum,
914 5604 1004 5694 quod
1024 5605 1122 5676 nobis
1135 5604 1274 5676 videtur
1287 5626 1588 5697 supervacaneum,
1609 5605 1834 5695 omiserimus,
1855 5605 1959 5695 spatii
1978 5606 2062 5677 satis
2080 5605 2283 5677 habebimus
2297 5607 2340 5678 ud
2358 5607 2424 5678 duo

631 5731 768 5803 uomina
786 5729 1015 5801 restituenda:
1036 5727 1079 5800 cf.
1101 5750 1154 5800 νν.
1174 5731 1287 5819 5-7,
1308 5729 1366 5799 ubi
1386 5732 1522 5802 nomina
1541 5733 1623 5803 satis
1643 5732 1746 5820 louge
1765 5750 1853 5820 quae
1872 5735 1952 5800 sunt
1970 5727 2202 5826 Ἀλοὺθα[γ]ος
2219 5727 2423 5828 Ἀντέρωτος,

631 5853 744 5938 Αἴλιος
763 5853 987 5952 Ναυτεί[ρ]ου
1007 5855 1206 5926 tantundem
1230 5851 1304 5924 fere
1333 5855 1435 5942 spatii
1455 5855 1622 5927 obtinent.
1652 5854 1749 5942 Quod
1776 5859 1891 5926 antem
1910 5854 2103 5927 Boeckhius
2130 5855 2260 5927 Introd.
2280 5877 2314 5946 p.
2336 5858 2423 5947 89,9

633 5985 832 6072 praetorum
850 5979 998 6068 conlegii
1019 5981 1209 6070 principem
1227 5978 1428 6050 archontem
1442 6001 1647 6072 eponymum
1662 5979 1768 6052 fuisse
1783 5981 1937 6069 coniecit,
1957 5981 1992 6052 id
2011 5982 2149 6052 minime
2167 5986 2221 6054 est
2238 5979 2425 6070 probabile.
