5560 7516
2125 1078 2180 1132 vll

384 1301 565 1394 disponere
585 1318 686 1389 quam
704 1296 809 1368 fuerit
822 1295 973 1386 difficile,
993 1294 1092 1369 facilc
1107 1295 1239 1368 videbit
1253 1297 1445 1388 quicunque
1463 1296 1748 1369 animadverterit
1763 1303 1859 1369 certa
1872 1299 2039 1386 temporis
2053 1296 2180 1368 indicia

383 1426 418 1496 in
433 1425 482 1498 eis
496 1444 562 1495 uon
578 1422 645 1493 nisi
661 1422 831 1494 rarissime
846 1421 992 1492 inveniri
1006 1421 1183 1512 multoque
1198 1421 1335 1509 saepius
1349 1393 1403 1492 me
1417 1422 1500 1493 solis
1514 1423 1707 1512 scripturae
1724 1422 1914 1493 rationibus
1929 1423 1991 1492 niti
2006 1421 2178 1512 debuisse,

383 1570 591 1641 quaequam
610 1548 762 1620 lubricae
781 1547 850 1618 sint
867 1547 1051 1637 praecipue
1069 1547 1104 1617 iu
1123 1545 1233 1617 titulis
1250 1548 1375 1617 aetatis
1390 1547 1572 1636 Romanae,
1592 1567 1692 1618 nemo
1711 1547 1859 1636 ignorat.
1879 1547 1918 1617 In
1938 1521 2048 1617 titulis
2067 1553 2178 1618 trans·

382 1675 584 1764 scribendis,
605 1672 699 1745 uncis
718 1671 920 1743 adhibendis
940 1676 1005 1742 etc.
1028 1690 1086 1756 eas
1104 1670 1201 1760 leges
1219 1677 1358 1742 secutus
1377 1691 1464 1762 sum,
1483 1693 1567 1762 quas
1584 1673 1760 1744 novissimi
1772 1671 1963 1763 Corporum
1982 1672 2178 1760 inscriptio-

320 1776 322 1782 ’
382 1820 463 1870 num
482 1797 632 1870 editores
660 1781 1069 1886 statueruntquibusque
1088 1815 1202 1866 omnes
1222 1795 1287 1865 iam
1313 1795 1562 1886 quodammodo
1586 1802 1756 1868 tenemur.
1789 1796 1888 1886 Quod
1911 1796 1940 1866 si
1960 1795 2041 1884 quid
2061 1795 2096 1866 in
2115 1796 2179 1867 boc

380 1923 492 2013 primo
510 1921 624 2016 operis
641 1919 826 2011 volumine,
846 1920 936 2011 quod
955 1938 1045 1991 nunc
1061 1939 1079 1990 c
1094 1918 1251 1990 manibus
1267 1919 1399 2009 emitto,
1419 1920 1531 1991 minus
1549 1919 1637 1992 bcne
1656 1920 1810 2010 cesserit,
1831 1921 1978 1991 lectores
1997 1918 2177 1990 benevolos

289 2059 294 2066 '
381 2047 432 2117 uti
445 2045 578 2118 veniam
595 2045 680 2132 ,dent
694 2051 832 2136 rogatos
845 2044 959 2136 velim,
981 2045 1015 2114 in
1034 2043 1179 2133 reliquis
1197 2063 1317 2116 eorum
1332 2042 1494 2135 consiliis,
1515 2045 1574 2135 qui
1589 2045 1631 2116 de
1644 2045 1709 2116 hoc
1728 2044 1941 2136 iudicabunt,
1962 2042 2178 2115 sublevatum

380 2191 434 2242 me
452 2170 496 2242 iri
514 2190 625 2259 spero.

486 2292 585 2384 Quod
607 2285 788 2384 superest,
818 2313 860 2365 ex
882 2293 996 2364 animo
1015 2293 1149 2383 gratias
1176 2312 1241 2382 ago
1261 2292 1342 2364 viris
1366 2292 1571 2364 doctissimis
1591 2293 1826 2382 ornatissimis,
1856 2293 1914 2383 qui
1936 2294 1970 2364 iu
1994 2292 2105 2364 altera
2121 2293 2179 2364 illa

379 2420 507 2492 laboris
525 2426 696 2511 portame
715 2419 932 2508 adiuverunt,
962 2417 1082 2489 Ioanni
1100 2418 1141 2489 B.
1162 2415 1186 2488 f.
1207 2417 1492 2509 Pomnuovsmo,
1514 2413 1571 2508 qui
1591 2425 1627 2490 et
1644 2419 1795 2510 plagulis
1813 2418 2027 2508 corrigendis
2045 2439 2177 2491 mecum

381 2563 522 2635 operam
537 2544 632 2616 dedit
651 2550 685 2616 et
702 2542 959 2632 locupletissimi
978 2539 1080 2633 quem
1099 2542 1204 2616 habet
1221 2526 1388 2614 librorum
1410 2543 1564 2614 thesauri
1583 2563 1763 2633 usumque
1782 2542 1868 2614 solet
1881 2562 1955 2614 esse
1970 2541 2178 2615 liberalitate

380 2689 515 2760 semper
533 2665 710 2762 concessit,
728 2666 1176 2760 augustudinensem,
1195 2669 1292 2740 cuius
1311 2669 1489 2739 consilium
1508 2667 1813 2757 prudentissimum
1832 2667 1968 2757 roganti
1987 2667 2070 2739 mihi
2089 2690 2176 2739 nuu-

380 2815 482 2885 quam
500 2794 621 2887 defuit,
642 2795 820 2871 Theodoro
840 2795 903 2866 Tb.
930 2792 953 2864 i.
982 2792 1189 2865 Souonovro
1213 2793 1404 2866 studiorum
1432 2813 1584 2865 meorum
1611 2771 1746 2865 auctori
1765 2799 1800 2864 et
1818 2791 1946 2864 fautori
1974 2791 2177 2866 benevolen-

270 2923 274 2945 “
380 2921 523 3012 tissimo,
553 2920 686 2992 Victori
716 2920 754 2994 G.
785 2919 808 2991 1.
839 2919 1085 2993 Juansnaoaro
1113 2923 1148 2988 et
1176 2916 1598 3007 Petronianum,
1627 2918 1686 3009 qui
1714 2917 1896 2989 titulorum
1927 2917 2058 3007 aliquot
2084 2917 2177 2989 locos

380 3050 561 3133 corruptos
575 3043 770 3116 acutissime
785 3050 824 3115 nt
837 3042 948 3114 solent
966 3043 1204 3141 restituerunt.
1226 3040 1358 3130 Quibus
1371 3042 1455 3113 viris
1474 3045 1502 3114 si
1518 3042 1692 3116 videbitur
1706 3042 1770 3116 boo
1786 3063 1872 3134 opus
1890 3042 1981 3114 haud
2000 3043 2177 3132 indiguum

380 3188 466 3260 esse,
485 3169 520 3239 iu
540 3189 606 3258 quo
626 3189 742 3239 eorum
761 3167 898 3240 nomina
916 3165 1077 3255 legantur
1096 3167 1238 3257 scripta,
1259 3166 1405 3238 maximo
1424 3187 1527 3256 opere
1545 3167 1716 3259 gaudebo.
1971 3175 1973 3182 ’

547 3427 703 3528 sennenn
721 3428 859 3497 neapo
1054 3429 1056 3434 ’
1680 3429 1838 3513 basillus
1864 3427 2063 3531 latyaobov.

415 3523 532 3574 exeunte
545 3532 579 3572 m.
595 3515 686 3586 Aprili
701 3533 725 3572 a.
739 3516 1000 3574 Mocccuxxxv.
2052 3573 2055 3580 ,
